2062 3024
128 162 179 215 268
453 157 602 204 GASINA.

200 288 222 331 1.
242 287 315 332 Nune
326 297 374 342 ego
389 284 415 330 te
427 285 512 340 putem
523 295 599 339 quom
614 279 737 328 arbitrum
751 283 829 328 extre
844 281 942 329 eonsi-

263 353 334 400 deem
345 355 490 409 cuptevero.

200 424 214 468 ⁶
242 453 501 468 ...............................
513 417 550 464 sio
561 431 574 462 e
587 417 627 462 vis

197 453 224 536 ti:
241 491 319 535 iubeo
335 521 391 533 .......
404 500 453 544 ego
464 498 659 531 murmur.........

198 563 221 604 ’1.
240 558 314 604 Nune
329 568 378 614 ego
394 554 461 600 inter
476 565 574 600 enorum
586 565 805 613 nonumquesnm,
820 567 871 601 nec
882 569 939 612 quo

262 624 357 682 tugiam
371 623 425 668 seio
440 621 471 680 ¹).

199 697 223 738 8.
315 689 502 747 ennesiupinns
513 721 569 734 .......
579 687 629 734 tuit
638 719 695 733 .......

182 763 222 808 11).
241 759 334 806 Hercle
349 758 443 816 opinor
456 791 572 803 ..............
586 755 647 801 illuc
658 767 725 801 nuno
735 757 764 802 nt
776 769 846 802 nove
858 761 937 804 vetus
1015 821 1016 824 Ἴ

183 830 223 874 11.
239 828 294 874 Hae
304 827 346 874 ibo
357 829 405 872 etr.

240 891 349 934 Csrrnins
357 889 429 942 igitur
440 888 528 931 inediis
541 889 629 942 septem
640 889 694 928 sunt
704 886 728 928 iu
738 885 836 937 codiee,
854 899 935 941 qusn-

268 948 304 990 vis
314 959 368 989 oeeu
386 949 426 987 eut
439 945 539 1000 epatium
553 947 604 984 octo
613 955 730 985 versuum:
745 954 798 984 usus
809 945 935 986 semnduss

268 959 540 1059 propteriongitudinern
554 999 630 1042 sedern
646 997 761 1053 duplicem
772 997 863 1054 implet.
888 1001 935 1053 lgi-

270 1065 307 1101 tur
321 1058 359 1112 qui
375 1058 468 1112 scripsit
484 1058 509 1098 in
522 1055 662 1098 editionibus
681 1057 762 1097 desint
778 1061 833 1099 octo
848 1070 934 1106 nereus,

268 1115 359 1157 uidetur
368 1114 502 1168 respexisse
512 1112 541 1153 ed
547 1111 653 1154 codicem
664 1110 815 1154 Ambrosisno
826 1111 935 1155 similem.

242 1171 269 1214 ln
283 1173 392 1223 sequente
409 1169 500 1211 Codicis
520 1168 604 1222 pagins
618 1170 701 1209 extent
715 1171 839 1221 prueteres
852 1183 934 1212 nosen
1015 1191 1016 1200 κ

271 1225 317 1268 olis
327 1227 434 1275 carmine,
449 1225 531 1278 quibus
540 1224 597 1266 hsee
611 1236 679 1266 soene
692 1223 716 1264 in
726 1223 869 1266 editionibus
879 1226 933 1268 item

270 1286 343 1325 earet:
359 1282 400 1324 sed
410 1280 565 1324 oblitteratum
574 1280 694 1322 motorium
707 1292 773 1322 nemo
782 1277 855 1332 leget.

245 1339 299 1382 Vidi
311 1339 410 1391 deniqne
422 1335 509 1391 sliquos
519 1350 598 1380 versus
612 1335 724 1384 ineditos,
738 1335 768 1376 ed
778 1348 872 1378 sceneos
888 1335 932 1391 pri·

269 1408 327 1438 mem
338 1397 363 1436 et
372 1391 469 1442 elteron
480 1393 548 1435 huius
557 1393 629 1436 Actus
639 1391 788 1447 pertinentes,
804 1392 846 1435 sed
856 1398 934 1448 poste·

271 1453 331 1494 riore
342 1452 455 1506 scripturo
469 1447 538 1505 plone
549 1449 651 1491 obrutos.

399 1551 670 1601 clsnssnnnnsn

130 1638 234 1690 Quinque
248 1636 272 1678 in
288 1634 373 1678 Codice
387 1634 464 1690 reperi
482 1633 549 1676 huius
563 1629 666 1675 neoniae
681 1627 741 1674 folio
757 1629 857 1680 inedito,
877 1645 935 1686 quse

160 1693 246 1735 hubent
260 1705 340 1735 sersus
355 1691 446 1734 circiter
460 1693 509 1733 1⁸0.
534 1689 602 1732 Certe
617 1688 697 1744 cuique
711 1683 798 1740 legenti
812 1689 891 1739 petet,
912 1689 935 1730 in

158 1749 297 1792 editionibus
311 1747 370 1790 hune
379 1746 491 1789 Fabulam
505 1745 572 1788 vuldo
582 1758 632 1788 esse
646 1743 758 1786 mutilum.
781 1742 874 1797 Respse
884 1745 934 1786 eius

157 1805 242 1848 multos
257 1804 333 1847 hiatus
347 1803 492 1846 Ambrosisni
503 1802 601 1845 Codices
611 1801 751 1844 recentiores
761 1799 845 1852 spotiis
855 1801 934 1842 vicine

158 1863 266 1918 produnt.
282 1860 331 1913 Ego
342 1872 377 1911 eu,
392 1872 449 1956 (dm
464 1861 488 1902 in
497 1857 562 1901 folii·
572 1855 724 1912 Palimpsesti
734 1855 889 1909 antiquissimi
899 1855 933 1898 le·

157 1932 210 1971 gere
221 1919 285 1973 potui
296 1928 370 1971 peuce
379 1929 393 1958 s
411 1915 500 1958 modurn
510 1915 534 1956 in
543 1913 616 1957 lucem
626 1914 727 1968 profero.

93 1970 96 1976 ’
130 1979 181 2027 Sed
197 1979 257 2036 quid
275 1977 350 2024 istum
370 1975 458 2022 odinis.
477 2005 897 2023 ..................................................

130 2048 293 2101 Quievivnm
303 2079 359 2091 .......
371 2043 448 2090 doleo
459 2079 516 2090 .......
526 2042 635 2089 eituvis
705 2036 734 2103 ²)
752 2040 828 2086 Volo.

129 2118 162 2162 At
173 2115 242 2161 enim
251 2127 284 2159 ne
293 2115 349 2159 tota
363 2125 444 2170 pones
455 2123 555 2170 pugnos
565 2113 623 2156 tuos
633 2109 660 2155 in
669 2108 777 2166 imperio
787 2121 855 2154 nreo.

129 2185 264 2239 Nunquam
278 2215 394 2228 ..............
413 2179 487 2226 iidem
502 2209 905 2226 ................................................

130 2251 180 2298 Sed
190 2263 239 2308 ego
254 2249 362 2307 primum
371 2247 415 2293 Dii
424 2247 483 2305 quio
493 2280 549 2294 .......

131 2321 191 2365 Sum
201 2315 276 2363 nihili
286 2316 350 2361 nihii
359 2348 417 2362 .......

131 2386 202 2439 Quae
211 2397 293 2430 meum
302 2396 336 2429 sn
414 2381 506 2440 dignus
515 2412 573 2428 .......

163 2567 182 2597 1.
195 2559 223 2595 Hi
226 2573 236 2596 e
245 2572 315 2597 versus
328 2573 391 2608 poene
402 2560 484 2598 totidem
493 2557 560 2597 verbis
574 2563 629 2596 extst
638 2557 716 2606 Gsptiv.
725 2564 744 2600 ³.
753 2562 772 2596 4.
782 2561 813 2598 M.

163 2610 182 2642 2.
194 2606 327 2660 Personarum
341 2607 424 2644 nornine
441 2607 463 2644 in
479 2605 618 2654 sntiqnissimo
635 2611 704 2643 nostro
717 2605 850 2653 Palimpsesto
868 2617 928 2654 prse-

130 2656 234 2697 pennntur
260 2652 327 2687 uidem
338 2665 442 2690 scenarum
456 2651 534 2695 initiis,
550 2651 586 2688 sed
596 2651 691 2700 deinceps
705 2652 838 2696 omittuntuu
857 2653 927 2691 relicto

130 2702 194 2732 umen
205 2697 291 2743 spatiolo
300 2697 326 2734 sd
335 2697 356 2735 id
365 2698 405 2736 looi
418 2699 491 2748 (veluti
500 2697 543 2745 hie)
557 2696 592 2736 uti
602 2711 625 2736 es
633 2697 735 2749 interponi
746 2698 858 2748 oportent.
