2062 3024
382 147 542 196 RUDENS.
563 152 611 196 etc.
847 140 896 194 217

93 265 220 367 iletdscddv
234 321 323 368 llinoe.
332 341 334 348 ,
344 324 384 368 44.
403 322 484 375 Quom
497 321 660 369 vestimenlie.
683 323 724 366 45.
742 320 780 366 Ne
790 319 894 366 thermi-

251 389 355 446 polium.
378 391 419 436 46.
432 392 470 436 lta
479 390 571 437 ualeam
587 389 726 447 praehibet.

199 458 240 502 50.
258 459 291 503 vt
309 470 392 514 quom.
431 459 472 504 53.
496 457 669 515 lureoptimo.
704 457 745 501 54.
767 455 832 509 Quil
850 454 892 512 qui

249 525 376 572 auderem.
855 539 858 548 ’

96 593 127 636 11.
139 594 162 636 6.
174 593 214 636 62.
234 593 397 650 conpactum.
425 594 465 638 65.
480 592 517 638 Ad
528 606 603 639 unam
612 593 677 638 hane
687 591 833 654 tuniculam.
852 592 891 635 16.

248 659 404 706 Adulescens
414 659 580 718 Pleeidippoe.
599 662 640 706 11.
651 660 708 713 Quo
718 661 749 706 ab
758 662 891 706 arrabone.

137 729 161 772 1.
172 728 212 772 11.
230 727 295 773 Dum
304 731 424 775 areeeunt
433 740 502 774 mea:
517 728 544 774 in
554 727 639 785 eliquo
649 728 695 774 tibi
705 727 812 786 gretiam
823 728 892 772 rele-

248 808 303 841 ram
312 796 379 842 loeo.
408 798 449 842 18.
466 795 593 854 Tegillum
604 796 727 853 eecillum.

97 879 217 924 111466.
234 879 316 932 Quom
330 878 509 926 coniecturam.
539 881 580 925 69.
599 880 663 925 Dum
674 893 722 939 ego
733 893 778 926 ero
795 879 891 926 adduco

27 953 29 958 '
249 961 340 994 meum.
365 947 489 993 mendose.
520 949 560 993 16.
580 947 680 1000 Quaere
690 961 761 995 erum
770 951 818 994 etc.
836 961 891 993 ma-

249 1015 328 1061 ximo.
356 1014 396 1061 12.
407 1015 446 1061 Ne
455 1014 602 1061 habitataot
612 1016 782 1073 pronrieimue.
802 1017 842 1061 14.
853 1021 894 1062 eet

250 1096 340 1130 vereor
349 1083 469 1142 ineditae,
479 1083 526 1130 aed
533 1083 716 1132 oblitterante:
735 1081 825 1144 (Cape)
836 1097 892 1128 mo-

248 1149 281 1196 do
291 1163 340 1209 ego
353 1184 449 1196 ............
460 1163 566 1197 venero.

142 1223 165 1264 5.
184 1220 208 1265 1.
226 1219 292 1264 letor
307 1220 402 1265 anrboe.
435 1221 459 1264 8.
477 1219 535 1264 Nou
552 1218 637 1265 hercle
656 1219 770 1278 equidem
790 1233 891 1266 oeneeo.

250 1288 291 1333 12.
310 1287 338 1334 Si
353 1289 379 1332 te
393 1299 445 1333 non
460 1285 534 1332 ludoe
549 1288 680 1345 peeeimoe.
715 1285 780 1335 Post
792 1301 891 1334 aereum

208 1417 211 1420 Ι
249 1356 290 1399 12.
308 1355 438 1414 repetitur
447 1368 537 1401 verear
550 1356 659 1402 decimae
669 1355 762 1402 Verum
773 1358 821 1402 etc.

413 1481 588 1529 s'rchVS.

55 1544 58 1552 ’
99 1543 145 1579 Aul.
154 1541 187 1578 Se.
198 1554 219 1579 v.

99 1597 110 1639 l
138 1597 161 1640 3.
181 1597 205 1639 1.
226 1593 327 1640 Famem
338 1595 416 1641 iuieee
428 1596 544 1654 euepieor
554 1600 658 1644 matrem
667 1597 729 1644 milri

183 1664 207 1708 2.
225 1662 288 1708 Nam
302 1667 433 1720 poelquam
443 1667 517 1710 natue
527 1678 595 1724 eum,
615 1669 685 1712 eatur
698 1677 832 1722 numquam
847 1665 890 1711 fui.

223 1731 310 1787 Neque
320 1731 449 1789 quiequam
459 1731 654 1779 meliue'releret
666 1733 740 1779 matri
751 1733 865 1791 gratiam,

181 1799 205 1844 3.
224 1797 304 1850 Quam
315 1811 364 1858 ego
373 1799 447 1844 matri
459 1813 531 1846 meae
544 1801 621 1846 retuli
631 1800 804 1847 invitieeimue.

181 1869 205 1910 5.
223 1867 287 1912 Nam
296 1867 341 1912 illa
350 1881 390 1914 me
406 1870 454 1914 ete.

164 1935 204 1977 12.
223 1935 273 1980 Sed
282 1937 387 1981 matrem
397 1948 487 1994 parere
497 1935 596 1982 neeeio:
616 1950 663 1984 nee
674 1936 733 1995 quid
743 1949 814 1995 agam
826 1937 887 1982 ecio.

221 1995 295 2040 Versu
314 2013 381 2054 porro
400 2001 469 2041 tertio
484 1997 592 2042 haetenus
605 1998 693 2043 inedito
714 2003 807 2042 senetur
826 1999 889 2042 loeus

259 2054 323 2096 lriene
346 2054 436 2097 Plautia
466 2056 555 2110 iamque
578 2053 634 2098 lieet
657 2055 777 2111 expellere
800 2069 887 2098 vernum

257 2113 321 2160 Eam
330 2115 391 2162 milri
399 2128 535 2173 numquam
545 2117 592 2162 eto.
604 2125 668 2166 quen
679 2112 887 2155 tentaeonddentie

256 2177 374 2221 Acidaliue
384 2177 438 2221 olim
448 2180 518 2220 tuitue
532 2182 575 2221 eet.

13 2267 15 2278 ,
95 2235 140 2271 Aet.
149 2235 181 2270 Se.
194 2247 215 2270 v.

97 2288 115 2333 l.
126 2287 148 2333 5.
159 2288 199 2332 12.
216 2285 286 2331 Nulli
296 2285 415 2332 meliore·
425 2299 481 2332 eeee
496 2286 622 2342 pararitoe
632 2287 722 2348 einum,

16 2378 19 2399 l
107 2399 112 2414 .
160 2356 200 2400 13.
218 2352 266 2398 Vel
281 2353 414 2400 unctiones
425 2365 529 2411 graecae
540 2355 681 2400 eudatoriae

159 2421 201 2467 14.
217 2420 307 2466 Vendo
316 2421 357 2470 vel
367 2420 429 2466 aliae
439 2419 547 2466 malacae
558 2421 721 2481 crapulamur,

158 2490 200 2534 11.
218 2489 254 2534 Ao
263 2487 402 2545 riginoeam
415 2487 547 2546 etrigilem.

12 2547 14 2610 l
99 2549 124 2594 ll.
133 2555 153 2594 ²-
218 2551 282 2594 Inter
292 2563 312 2591 r.
323 2554 357 2595 62.
367 2555 391 2594 et
400 2554 435 2594 63,
445 2551 493 2594 vidi
502 2565 589 2594 veroum
600 2552 722 2596 inedilonre

221 2645 343 2659 ...............
354 2613 393 2658 eet
402 2611 502 2658 [endem
511 2612 647 2671 aliquando
657 2615 818 2672 inportunam
828 2613 884 2660 exi-

257 2692 318 2739 gere
328 2713 417 2727 ...........
