2062 3024
132 200 181 251 udi
287 217 289 226 ¹
465 201 493 248 A.
515 202 599 246 ΜΑΙΙ

132 329 169 374 die
180 329 258 386 longe
268 326 302 372 eit
311 326 407 383 optior:
419 325 511 384 quippe
522 325 564 382 qui
575 327 655 372 artem
665 325 756 371 nullibi
766 327 850 372 minue
861 341 940 384 quam

131 398 158 442 in
169 395 286 443 obicenie
298 393 457 440 cermonibnr
468 396 493 440 et
501 393 658 451 turpitudine
668 393 785 440 collocet.
813 396 899 440 Porro
913 399 941 442 el

132 462 317 509 delicatissimi!
330 462 444 508 verribur
458 462 550 519 utitur,
566 463 592 507 et
605 461 780 519 politielimum
790 461 940 509 doctrinam

131 531 325 577 tinnunorinnm
340 529 471 588 exprimit,
493 530 597 587 egregie
612 529 693 575 cultus
708 530 819 587 ecriptor
836 533 863 576 et
877 530 936 577 ele-

132 612 204 658 gans,
215 599 286 644 cuiue
297 598 421 644 enaritate
431 597 540 644 maxime
552 597 657 643 delinito
665 598 745 643 Rome
755 601 801 644 eet.

152 697 288 740 Terentieoi
299 695 388 738 codiee·
397 693 523 737 Vaticano·
533 699 556 736 et
566 694 729 737 Ambrosianus
739 707 788 738 curn
797 693 913 738 Pictoris.

179 775 234 818 Vll.
249 772 329 818 Huiur
340 771 435 818 inedita
445 772 544 829 quidem
556 785 634 830 opere
644 773 740 818 drurtro
749 773 804 830 quir
815 775 933 829 quaerat.

130 843 192 887 Nom
208 843 310 899 praeter
325 840 469 886 comoediae
484 855 530 887 rex
540 839 639 898 editae,
658 840 744 887 nullue
763 842 933 887 eVeteribun

130 912 316 967 memorentur,
343 908 456 965 exceptio
478 907 529 954 illie
553 910 653 953 centum
672 912 697 954 et
716 911 787 967 octo,
814 922 878 966 quer
897 923 932 956 ex

130 976 272 1023 Menandro
286 975 365 1022 latine
381 989 533 1034 convertor,
553 976 687 1033 naufragio
704 976 820 1022 omieiree
836 976 931 1022 dieitur

130 1045 220 1090 civem
236 1044 381 1090 Terentius.
415 1045 504 1100 Neque
519 1046 604 1090 nmen
621 1045 725 1089 fortune
741 1044 767 1089 in
786 1044 836 1091 hoe
853 1041 929 1090 etiam

131 1113 235 1158 Comico
248 1111 311 1156 mibi
325 1125 377 1157 nnn
392 1111 463 1156 levit.
498 1112 611 1167 Numque
625 1111 653 1156 in
671 1113 805 1169 pervetere
820 1112 929 1168 quodam

130 1182 293 1227 membraneo
309 1178 409 1237 codiee,
425 1179 468 1235 qni
483 1179 548 1237 opud
562 1191 610 1224 noe
626 1180 677 1236 ert,
696 1179 875 1237 celebratoque
892 1179 930 1226 illi

131 1249 254 1294 Vaticano
266 1247 365 1293 videtur
375 1246 530 1305 simillimus,
545 1247 629 1303 alique
639 1247 795 1306 deprehendi
806 1247 929 1306 nondum,

132 1319 159 1361 ut
177 1319 238 1373 puto
254 1315 370 1373 cognite,
389 1328 452 1370 quec
466 1314 498 1360 ad
512 1315 660 1360 Terentium
678 1314 857 1360 illurtrendum
875 1329 928 1361 non

131 1381 294 1429 mediocriter
303 1379 447 1428 conferunt.
477 1383 687 1428 Terentinnnrum
699 1395 833 1429 scenarum
843 1383 929 1430 l’ictu-

131 1465 172 1496 rae
184 1466 197 1496 e
213 1450 300 1497 codiee
310 1450 434 1496 Vaticano
446 1449 592 1496 Mciunrdue
604 1449 765 1497 Vrbinntibur
781 1450 850 1510 typie
860 1464 929 1496 nuno

132 1522 189 1575 poet
209 1519 252 1563 Ch.
273 1520 304 1564 N.
324 1527 505 1564 unccxxxvr.
530 1517 654 1576 vulgarit:
677 1531 739 1575 quae
758 1521 843 1564 tamen
862 1517 930 1564 bend

132 1586 210 1631 multo
224 1589 283 1631 onte
299 1586 513 1632 Commentelioni
528 1598 589 1631 eune
604 1587 634 1632 de
647 1581 770 1633 Perennis
784 1587 932 1632 inreruernt

132 1653 329 1712 ebrietopborur
339 1655 473 1712 Bergerur.
493 1701 495 1708 ,
510 1655 574 1699 Tum
585 1654 687 1700 eaedem
701 1653 838 1712 grandiore
849 1667 930 1712 opere
1018 1691 1019 1706 ,

130 1721 235 1780 triginta
245 1722 318 1767 annis
333 1723 392 1779 poet
406 1734 460 1768 non
470 1721 526 1768 rinc
539 1734 608 1768 nove
616 1722 769 1768 recennione
779 1724 806 1768 et
817 1722 885 1767 notio
897 1721 929 1768 cl.

131 1789 291 1846 Coequelinii
301 1791 395 1836 Romae
409 1803 515 1836 recuene
531 1793 596 1836 eunt.
631 1790 747 1846 Denique
758 1790 844 1835 codice
854 1791 928 1835 Vati-

130 1871 194 1904 cano
214 1871 270 1904 cum
289 1858 422 1904 innumere
440 1857 534 1916 proedo
552 1857 639 1904 lteliee
656 1857 770 1903 Parisios
791 1857 928 1916 nunciato,

129 1926 283 1983 Aginourtue
302 1925 393 1971 ibidem
413 1926 582 1972 Terentiano·
602 1926 684 1972 denuo
704 1925 819 1970 Pictum
838 1926 929 1983 expri-

129 1993 233 2040 mendae
244 1993 343 2038 curavit
352 1993 469 2051 fideliter,
481 1996 508 2039 ut
517 1994 565 2050 ipri
575 1993 675 2050 quidem
685 1993 757 2039 cordi
767 1993 826 2038 luit:
841 1995 927 2038 utrum

130 2066 213 2107 autem
223 2073 265 2106 rer
280 2073 313 2106 ex
330 2061 418 2117 optimi
429 2061 572 2118 Antiquorii
587 2061 714 2107 sententie
724 2061 844 2116 cernerit,
859 2060 928 2106 houd

129 2128 230 2175 definite
246 2127 437 2174 adfirmaverim.

185 2199 384 2242 Ambrorinoururn
396 2200 698 2297 picturnmautpreeetnntiu.
728 2199 768 2243 Ex
777 2199 806 2241 iio
821 2203 869 2241 tren

471 2269 508 2298 rue
526 2271 532 2297 ι
544 2268 577 2298 ne.

177 2317 244 2361 vl11.
262 2317 313 2361 lem
335 2316 418 2363 codex
436 2315 618 2364 Ambrosianue
636 2316 712 2362 babet
730 2315 805 2374 plene
825 2315 926 2362 condem

126 2382 240 2428 Pictum
250 2385 325 2440 etque
334 2385 481 2441 Veticenur,
494 2383 630 2440 eodemque
640 2385 724 2430 aetate
733 2383 842 2441 reriptun
852 2383 924 2430 vide-

125 2451 179 2503 tur,
193 2461 284 2504 nempe
299 2452 401 2496 rneculo
416 2451 518 2497 circiter
528 2460 567 2495 rx.
578 2450 645 2507 quod
661 2451 843 2497 el'icturerum
857 2452 924 2497 reri·
1015 2455 1016 2486 ³

125 2517 264 2570 pturaeque
279 2519 382 2572 nutura,
397 2519 468 2563 cuiue
481 2517 520 2564 rei
535 2518 665 2575 utriunque
675 2518 813 2576 rpeeinrine
826 2517 923 2575 demun,

125 2579 253 2626 coniicere
262 2581 356 2628 licebit.
376 2586 469 2630 Verum
479 2585 506 2630 iu
517 2584 566 2630 boc
575 2586 631 2632 fere
641 2585 725 2632 differt
734 2587 822 2631 neuter
829 2586 922 2644 codex,

125 2644 192 2697 quod
207 2649 312 2692 ornatus
325 2649 452 2696 interdum
470 2651 589 2698 nonnihil
603 2653 725 2698 abludunt
738 2655 768 2698 nb
784 2652 871 2710 editio,
887 2653 923 2699 ite

124 2712 206 2754 tomen
227 2713 253 2756 ut
268 2713 451 2764 Arnbrorioune
472 2719 586 2777 picturae
601 2720 633 2764 od
651 2709 806 2778 antiquitati·
826 2720 922 2768 formu
