2062 3024
190 133 240 190 204
416 133 711 186 radouauu'ros.

135 266 161 314 45
189 260 375 315 reversionem
386 267 418 312 ut
428 259 462 312 dd
474 277 516 312 me
526 261 629 312 faceret
640 259 740 314 denuo.

189 336 269 387 Nune
279 330 332 386 irtio
345 337 451 386 remisit
465 329 551 402 m'rper
562 337 596 386 ad
609 353 650 387 me
661 335 818 402 epistolam:

189 427 248 462 sese
259 409 446 476 experturum,
459 409 554 478 quoiuti
566 426 624 462 sese
639 409 792 477 penderem.

189 485 219 538 Si
230 483 308 552 quod
316 487 489 552 peperissem,
501 485 529 535 id
540 485 683 536 e'duearem
696 501 729 536 ac
738 485 876 536 tollerem:

187 561 262 610 bona
276 553 327 610 sria
345 560 407 611 med
423 559 579 610 habiturum
599 559 700 611 omnia.
738 574 779 612 na
798 557 936 613 Ausculto

283 643 289 656 ·
352 635 457 686 lubens.

134 718 159 760 to
189 709 261 770 Quid
277 708 394 778 denique
410 707 507 776 agitisi
545 721 591 760 PH.
611 707 702 760 Mater
716 707 831 760 aucilids
845 709 935 774 iubet,

188 785 317 851 quonidm
330 785 384 835 iam
397 784 517 835 decimus
527 783 628 835 me'nsis
640 784 768 834 adventat
780 799 878 851 prope,

188 859 271 910 aliam
284 859 415 910 dliorsum
426 859 475 921 ire,
490 857 687 924 praemandare
698 865 725 910 et
735 858 868 925 quaerere

187 949 301 1001 puerum
314 928 361 984 arit
372 933 503 1001 puellum,
516 933 563 999 qui
573 927 762 1000 supponantrir
772 931 850 984 mihi.

190 1007 262 1069 Quid
278 1002 365 1060 uuilta
374 1009 458 1059 verba
472 1007 589 1058 ideiami
609 1007 767 1060 tonstricem
779 1007 888 1064 Suram.

135 1091 160 1134 55
188 1083 304 1146 novisti,
319 1091 429 1134 nostras
440 1081 511 1150 quad
522 1083 605 1134 modo
617 1098 683 1148 erga
693 1082 774 1134 aedes
785 1081 879 1134 habet.

187 1171 229 1210 m.
249 1157 331 1208 Novi.
370 1171 416 1208 eu.
438 1156 515 1209 Haec
528 1173 584 1208 una
595 1173 679 1225 opera
690 1157 816 1218 circumit
831 1175 882 1226 per
897 1157 939 1210 ft-

354 1231 455 1296 miliae,

190 1301 303 1374 puerrim
314 1307 433 1372 vestigat
444 1304 606 1372 clanculum,
623 1307 657 1358 ad
669 1323 711 1360 me
722 1305 830 1359 de'tulit.

191 1375 292 1432 Datdm
304 1381 358 1432 sibi
371 1397 430 1432 esse
441 1381 519 1432 dixit.
556 1396 597 1434 nr.
619 1381 755 1434 Omercds
767 1381 871 1433 maiae!

191 1455 259 1506 Eum
271 1451 408 1508 ndnouou
418 1456 468 1508 iila
482 1455 596 1524 piperit,
609 1456 679 1524 quae'
690 1457 796 1524 peperit
807 1457 895 1524 prior,

136 1539 162 1582 tt
191 1524 440 1598 redtr'rporterior.
477 1545 525 1582 ΡΗ.
546 1519 648 1584 ordine
659 1548 766 1585 omnem
780 1530 837 1586 re'or
849 1539 937 1584 tener.

191 1600 326 1670 Noomin
336 1606 477 1674 praemisit
486 1599 609 1658 mintium
622 1605 699 1666 mileo
709 1605 785 1670 mihi,

190 1697 246 1732 non
256 1674 343 1734 mriito
354 1687 418 1748 post
427 1678 474 1731 hio
483 1679 580 1731 aderit,
604 1695 646 1733 m.
659 1681 739 1732 Nune
748 1687 779 1734 tu
789 1687 817 1732 te
825 1681 938 1734 interim

191 1756 271 1823 quari
282 1755 331 1822 pro
343 1771 476 1822 puerpera
487 1753 531 1805 hie
542 1754 690 1822 procurari
725 1770 771 1808 Pia
793 1755 937 1823 Quippiui,

189 1830 239 1882 ubi
249 1829 307 1882 siue
317 1831 412 1885 labore
423 1829 466 1881 re's
477 1830 536 1896 geri
549 1829 642 1896 pulcre
653 1828 761 1897 poterii

136 1912 162 1957 a
190 1904 232 1955 Ad
250 1899 329 1957 mium
351 1920 485 1973 quemque
510 1920 626 1973 aequom
647 1911 689 1956 eet
709 1903 853 1973 quaestum
876 1923 938 1960 aare
1005 1928 1011 1946 ·

356 1979 495 2032 callidum.

188 2067 229 2107 ni.
251 2054 322 2116 Quid
334 2053 376 2106 me
387 2054 508 2113 futurum
519 2062 569 2117 est,
581 2051 690 2122 qududo
706 2053 785 2107 mileo
793 2052 919 2106 venerit!

190 2128 347 2213 Roiietupne
356 2130 437 2183 abste
446 2127 552 2180 vivamt
570 2143 617 2178 err.
629 2129 682 2178 Ubi
691 2127 849 2194 illudqutd
858 2130 935 2194 volo,

190 2201 298 2255 habdbo
311 2203 419 2267 abillo,
439 2203 521 2254 fdcile
534 2203 679 2266 inveniam,
692 2203 831 2269 quomodo

191 2277 337 2329 divortium
349 2283 376 2328 et
385 2277 551 2328 discerdiam
562 2275 694 2328 internos
705 2292 812 2344 parem3

135 2359 162 2400 to
190 2351 316 2417 postidea
328 2360 425 2414 tecum,
437 2351 498 2402 mee
507 2351 644 2418 voluptas,
656 2345 743 2417 risque
754 2367 801 2404 ero

191 2424 317 2476 adsiduo.
349 2439 391 2478 nr.
411 2425 469 2476 imo
480 2423 571 2476 hercle
581 2426 646 2477 vero
658 2425 785 2477 adoubuo
797 2425 935 2481 mirelim.

188 2510 236 2548 rra
257 2499 330 2557 Qui-n
340 2499 382 2550 dir
393 2501 560 2550 sacruficare
568 2498 650 2552 hodie
663 2515 714 2566 pro
725 2499 811 2567 puero
821 2500 887 2552 volo

190 2569 285 2636 quinto
297 2572 353 2635 die,
366 2573 440 2638 quod
450 2573 512 2645 fieri
527 2579 644 2638 oportet.
681 2587 723 2626 nr.
745 2574 859 2626 censeo.

188 2654 235 2692 ru
255 2641 319 2698 Non
328 2639 413 2698 arides
424 2646 539 2712 aliquod
550 2647 615 2698 dire
625 2645 693 2698 mihi
707 2641 917 2701 mumirculumi
