<?xml version="1.0" encoding="UTF-8"?>
<!DOCTYPE html PUBLIC "-//W3C//DTD XHTML 1.0 Transitional//EN"
    "http://www.w3.org/TR/xhtml1/DTD/xhtml1-transitional.dtd">
<html xmlns="http://www.w3.org/1999/xhtml" xml:lang="en" lang="en">
 <head>
  <title>
</title>
<meta http-equiv="Content-Type" content="text/html;charset=utf-8" />
  <meta name='ocr-system' content='tesseract 3.04.00' />
  <meta name='ocr-capabilities' content='ocr_page ocr_carea ocr_par ocr_line ocrx_word'/>
</head>
<body>
  <div class='ocr_page' id='page_1' title='image "./macciiplautiqua03plaugoog_0578.png"; bbox 0 0 2062 3024; ppageno 0'>
   <div class='ocr_carea' id='block_1_1' title="bbox 387 219 900 271">
    <p class='ocr_par' dir='ltr' id='par_1_1' title="bbox 387 219 900 271">
     <span class='ocr_line' id='line_1_1' title="bbox 387 219 900 271; baseline 0.004 -3"><span class='ocrx_word' id='word_1_1' title='bbox 387 221 617 268; x_wconf 79' lang='lat' dir='ltr'><strong>PRAEFATIO.</strong></span> <span class='ocrx_word' id='word_1_2' title='bbox 850 219 900 271; x_wconf 76' lang='grc'><strong>261</strong></span> 
     </span>
    </p>
   </div>
   <div class='ocr_carea' id='block_1_2' title="bbox 100 315 901 480">
    <p class='ocr_par' dir='ltr' id='par_1_2' title="bbox 100 315 901 480">
     <span class='ocr_line' id='line_1_2' title="bbox 100 315 901 402; baseline -0.006 -7"><span class='ocrx_word' id='word_1_3' title='bbox 100 348 218 396; x_wconf 85' lang='lat' dir='ltr'><strong>Plautina</strong></span> <span class='ocrx_word' id='word_1_4' title='bbox 228 347 360 394; x_wconf 79' lang='lat' dir='ltr'><strong>comoedia</strong></span> <span class='ocrx_word' id='word_1_5' title='bbox 371 349 409 392; x_wconf 88' lang='lat' dir='ltr'><strong>ert</strong></span> <span class='ocrx_word' id='word_1_6' title='bbox 416 315 478 391; x_wconf 85' lang='lat' dir='ltr'><strong>item</strong></span> <span class='ocrx_word' id='word_1_7' title='bbox 489 345 588 392; x_wconf 85' lang='lat' dir='ltr'><strong>cultura</strong></span> <span class='ocrx_word' id='word_1_8' title='bbox 598 345 688 402; x_wconf 82' lang='lat' dir='ltr'><strong>animi,</strong></span> <span class='ocrx_word' id='word_1_9' title='bbox 703 359 767 402; x_wconf 87' lang='lat' dir='ltr'><strong>quae</strong></span> <span class='ocrx_word' id='word_1_10' title='bbox 774 337 901 390; x_wconf 55' lang='lat' dir='ltr'><strong>‘convellit</strong></span> 
     </span>
     <span class='ocr_line' id='line_1_3' title="bbox 102 412 900 480; baseline -0.006 -18"><span class='ocrx_word' id='word_1_11' title='bbox 102 417 163 462; x_wconf 85' lang='lat' dir='ltr'><strong>vitia</strong></span> <span class='ocrx_word' id='word_1_12' title='bbox 172 415 301 462; x_wconf 73' lang='lat' dir='ltr'><strong>radicitus.</strong></span> <span class='ocrx_word' id='word_1_13' title='bbox 325 414 405 470; x_wconf 85' lang='lat' dir='ltr'><strong>Multa</strong></span> <span class='ocrx_word' id='word_1_14' title='bbox 414 413 436 459; x_wconf 86' lang='lat' dir='ltr'><strong>ia</strong></span> <span class='ocrx_word' id='word_1_15' title='bbox 446 427 508 459; x_wconf 80' lang='lat' dir='ltr'><strong>eane</strong></span> <span class='ocrx_word' id='word_1_16' title='bbox 518 413 579 459; x_wconf 88' lang='lat' dir='ltr'><strong>dicit</strong></span> <span class='ocrx_word' id='word_1_17' title='bbox 589 413 708 480; x_wconf 63' lang='lat' dir='ltr'><strong>innutrita,</strong></span> <span class='ocrx_word' id='word_1_18' title='bbox 720 413 824 470; x_wconf 75' lang='lat' dir='ltr'><strong>eiusque</strong></span> <span class='ocrx_word' id='word_1_19' title='bbox 836 412 900 457; x_wconf 86' lang='lat' dir='ltr'><strong>auri-</strong></span> 
     </span>
    </p>
   </div>
   <div class='ocr_carea' id='block_1_3' title="bbox 99 481 900 610">
    <p class='ocr_par' dir='ltr' id='par_1_3' title="bbox 99 481 900 610">
     <span class='ocr_line' id='line_1_4' title="bbox 100 481 899 542; baseline -0.004 -13"><span class='ocrx_word' id='word_1_20' title='bbox 100 485 150 542; x_wconf 83' lang='lat' dir='ltr'><strong>ptia</strong></span> <span class='ocrx_word' id='word_1_21' title='bbox 160 497 212 528; x_wconf 93' lang='lat' dir='ltr'><strong>non</strong></span> <span class='ocrx_word' id='word_1_22' title='bbox 228 482 311 528; x_wconf 74' lang='lat' dir='ltr'><strong>nolum</strong></span> <span class='ocrx_word' id='word_1_23' title='bbox 326 481 357 527; x_wconf 87' lang='lat' dir='ltr'><strong>ad</strong></span> <span class='ocrx_word' id='word_1_24' title='bbox 372 481 584 540; x_wconf 84' lang='lat' dir='ltr'><strong>oblectationem,</strong></span> <span class='ocrx_word' id='word_1_25' title='bbox 602 481 646 526; x_wconf 84' lang='lat' dir='ltr'><strong>aed</strong></span> <span class='ocrx_word' id='word_1_26' title='bbox 659 481 690 526; x_wconf 86' lang='lat' dir='ltr'><strong>ad</strong></span> <span class='ocrx_word' id='word_1_27' title='bbox 708 481 784 526; x_wconf 86' lang='lat' dir='ltr'><strong>vitam</strong></span> <span class='ocrx_word' id='word_1_28' title='bbox 799 493 899 537; x_wconf 87' lang='lat' dir='ltr'><strong>quoque</strong></span> 
     </span>
     <span class='ocr_line' id='line_1_5' title="bbox 99 547 900 610; baseline -0.005 -14"><span class='ocrx_word' id='word_1_29' title='bbox 99 552 223 610; x_wconf 80' lang='lat' dir='ltr'><strong>agendam</strong></span> <span class='ocrx_word' id='word_1_30' title='bbox 245 551 280 596; x_wconf 85' lang='lat' dir='ltr'><strong>uti</strong></span> <span class='ocrx_word' id='word_1_31' title='bbox 302 562 444 608; x_wconf 77' lang='lat' dir='ltr'><strong>pontumue.</strong></span> <span class='ocrx_word' id='word_1_32' title='bbox 478 549 560 594; x_wconf 82' lang='lat' dir='ltr'><strong>Mirur</strong></span> <span class='ocrx_word' id='word_1_33' title='bbox 580 549 646 596; x_wconf 82' lang='lat' dir='ltr'><strong>enim</strong></span> <span class='ocrx_word' id='word_1_34' title='bbox 667 547 804 606; x_wconf 84' lang='lat' dir='ltr'><strong>ethologua</strong></span> <span class='ocrx_word' id='word_1_35' title='bbox 822 547 900 595; x_wconf 88' lang='lat' dir='ltr'><strong>Plau-</strong></span> 
     </span>
    </p>
   </div>
   <div class='ocr_carea' id='block_1_4' title="bbox 100 623 762 742">
    <p class='ocr_par' dir='ltr' id='par_1_4' title="bbox 100 623 762 742">
     <span class='ocr_line' id='line_1_6' title="bbox 100 623 762 742; baseline -0.003 -13"><span class='ocrx_word' id='word_1_36' title='bbox 100 624 140 665; x_wconf 64' lang='grc' dir='ltr'><strong>ω·</strong></span> <span class='ocrx_word' id='word_1_37' title='bbox 156 623 201 665; x_wconf 51' lang='grc' dir='ltr'><strong>ω’</strong></span> <span class='ocrx_word' id='word_1_38' title='bbox 234 685 327 742; x_wconf 79' lang='lat' dir='ltr'><strong>Scripta</strong></span> <span class='ocrx_word' id='word_1_39' title='bbox 336 685 408 729; x_wconf 85' lang='lat' dir='ltr'><strong>multa</strong></span> <span class='ocrx_word' id='word_1_40' title='bbox 416 685 493 729; x_wconf 85' lang='lat' dir='ltr'><strong>Plauti</strong></span> <span class='ocrx_word' id='word_1_41' title='bbox 503 687 591 729; x_wconf 85' lang='lat' dir='ltr'><strong>incerta</strong></span> <span class='ocrx_word' id='word_1_42' title='bbox 600 689 639 728; x_wconf 85' lang='lat' dir='ltr'><strong>aut</strong></span> <span class='ocrx_word' id='word_1_43' title='bbox 648 690 762 741; x_wconf 82' lang='lat' dir='ltr'><strong>corrupta.</strong></span> 
     </span>
    </p>
   </div>
   <div class='ocr_carea' id='block_1_5' title="bbox 83 763 914 2383">
    <p class='ocr_par' dir='ltr' id='par_1_5' title="bbox 101 763 901 1164">
     <span class='ocr_line' id='line_1_7' title="bbox 151 763 900 821; baseline -0.001 -11"><span class='ocrx_word' id='word_1_44' title='bbox 151 767 194 810; x_wconf 85' lang='grc' dir='ltr'>ΙΙΙ.</span> <span class='ocrx_word' id='word_1_45' title='bbox 214 764 264 811; x_wconf 89' lang='lat' dir='ltr'><strong>Sed</strong></span> <span class='ocrx_word' id='word_1_46' title='bbox 278 766 363 810; x_wconf 88' lang='lat' dir='ltr'><strong>tamen</strong></span> <span class='ocrx_word' id='word_1_47' title='bbox 383 765 409 810; x_wconf 88' lang='lat' dir='ltr'><strong>et</strong></span> <span class='ocrx_word' id='word_1_48' title='bbox 422 763 489 810; x_wconf 84' lang='lat' dir='ltr'><strong>hunc</strong></span> <span class='ocrx_word' id='word_1_49' title='bbox 504 763 599 810; x_wconf 84' lang='lat' dir='ltr'><strong>latinae</strong></span> <span class='ocrx_word' id='word_1_50' title='bbox 613 763 717 821; x_wconf 80' lang='lat' dir='ltr'><strong>linguae</strong></span> <span class='ocrx_word' id='word_1_51' title='bbox 732 765 821 810; x_wconf 85' lang='lat' dir='ltr'><strong>florem</strong></span> <span class='ocrx_word' id='word_1_52' title='bbox 835 765 900 810; x_wconf 86' lang='lat' dir='ltr'><strong>tem-</strong></span> 
     </span>
     <span class='ocr_line' id='line_1_8' title="bbox 102 831 899 891; baseline 0 -13"><span class='ocrx_word' id='word_1_53' title='bbox 102 847 191 891; x_wconf 84' lang='lat' dir='ltr'><strong>porum</strong></span> <span class='ocrx_word' id='word_1_54' title='bbox 201 832 296 878; x_wconf 83' lang='lat' dir='ltr'><strong>iniuria</strong></span> <span class='ocrx_word' id='word_1_55' title='bbox 306 831 470 878; x_wconf 85' lang='lat' dir='ltr'><strong>vehementer</strong></span> <span class='ocrx_word' id='word_1_56' title='bbox 480 831 593 890; x_wconf 77' lang='lat' dir='ltr'><strong>infregit.</strong></span> <span class='ocrx_word' id='word_1_57' title='bbox 628 831 692 876; x_wconf 90' lang='lat' dir='ltr'><strong>Nam</strong></span> <span class='ocrx_word' id='word_1_58' title='bbox 707 831 789 889; x_wconf 81' lang='lat' dir='ltr'><strong>primo</strong></span> <span class='ocrx_word' id='word_1_59' title='bbox 800 831 899 888; x_wconf 84' lang='lat' dir='ltr'><strong>quidem</strong></span> 
     </span>
     <span class='ocr_line' id='line_1_9' title="bbox 101 899 900 959; baseline 0 -13"><span class='ocrx_word' id='word_1_60' title='bbox 101 901 252 959; x_wconf 73' lang='lat' dir='ltr'><strong>gravissima</strong></span> <span class='ocrx_word' id='word_1_61' title='bbox 261 900 311 946; x_wconf 88' lang='lat' dir='ltr'><strong>iam</strong></span> <span class='ocrx_word' id='word_1_62' title='bbox 320 899 380 944; x_wconf 83' lang='lat' dir='ltr'><strong>lnde</strong></span> <span class='ocrx_word' id='word_1_63' title='bbox 390 912 405 944; x_wconf 92' lang='lat' dir='ltr'><strong>a</strong></span> <span class='ocrx_word' id='word_1_64' title='bbox 415 899 505 956; x_wconf 82' lang='lat' dir='ltr'><strong>priucia</strong></span> <span class='ocrx_word' id='word_1_65' title='bbox 515 899 614 946; x_wconf 76' lang='lat' dir='ltr'><strong>Latinis</strong></span> <span class='ocrx_word' id='word_1_66' title='bbox 622 899 737 956; x_wconf 74' lang='lat' dir='ltr'><strong>quaestio</strong></span> <span class='ocrx_word' id='word_1_67' title='bbox 747 900 860 945; x_wconf 82' lang='lat' dir='ltr'><strong>manavit</strong></span> <span class='ocrx_word' id='word_1_68' title='bbox 870 901 900 946; x_wconf 90' lang='lat' dir='ltr'><strong>de</strong></span> 
     </span>
     <span class='ocr_line' id='line_1_10' title="bbox 101 966 900 1026; baseline -0.004 -11"><span class='ocrx_word' id='word_1_69' title='bbox 101 969 289 1015; x_wconf 75' lang='lat' dir='ltr'><strong>comoediarum</strong></span> <span class='ocrx_word' id='word_1_70' title='bbox 301 980 360 1013; x_wconf 84' lang='lat' dir='ltr'><strong>vere</strong></span> <span class='ocrx_word' id='word_1_71' title='bbox 369 967 541 1013; x_wconf 84' lang='lat' dir='ltr'><strong>Plautinarum</strong></span> <span class='ocrx_word' id='word_1_72' title='bbox 557 979 672 1013; x_wconf 84' lang='lat' dir='ltr'><strong>numero.</strong></span> <span class='ocrx_word' id='word_1_73' title='bbox 698 966 845 1026; x_wconf 72' lang='lat' dir='ltr'><strong>Feruntur,</strong></span> <span class='ocrx_word' id='word_1_74' title='bbox 859 968 900 1012; x_wconf 94' lang='lat' dir='ltr'><strong>in-</strong></span> 
     </span>
     <span class='ocr_line' id='line_1_11' title="bbox 101 1034 901 1094; baseline -0.003 -12"><span class='ocrx_word' id='word_1_75' title='bbox 101 1037 156 1093; x_wconf 87' lang='lat' dir='ltr'><strong>quit</strong></span> <span class='ocrx_word' id='word_1_76' title='bbox 165 1035 263 1082; x_wconf 72' lang='lat' dir='ltr'><strong>Gellius</strong></span> <span class='ocrx_word' id='word_1_77' title='bbox 277 1034 315 1094; x_wconf 94' lang='lat'><strong>¹),</strong></span> <span class='ocrx_word' id='word_1_78' title='bbox 330 1035 376 1082; x_wconf 74' lang='lat' dir='ltr'><strong>tud</strong></span> <span class='ocrx_word' id='word_1_79' title='bbox 386 1034 479 1080; x_wconf 73' lang='lat' dir='ltr'><strong>Plana·</strong></span> <span class='ocrx_word' id='word_1_80' title='bbox 485 1035 586 1080; x_wconf 78' lang='lat' dir='ltr'><strong>nominc</strong></span> <span class='ocrx_word' id='word_1_81' title='bbox 595 1035 703 1082; x_wconf 77' lang='lat' dir='ltr'><strong>circiter</strong></span> <span class='ocrx_word' id='word_1_82' title='bbox 712 1041 812 1081; x_wconf 76' lang='lat' dir='ltr'><strong>centum</strong></span> <span class='ocrx_word' id='word_1_83' title='bbox 822 1041 901 1094; x_wconf 80' lang='lat' dir='ltr'><strong>atquc</strong></span> 
     </span>
     <span class='ocr_line' id='line_1_12' title="bbox 102 1100 901 1164; baseline -0.001 -14"><span class='ocrx_word' id='word_1_84' title='bbox 102 1105 221 1164; x_wconf 74' lang='lat' dir='ltr'><strong>triginta.</strong></span> <span class='ocrx_word' id='word_1_85' title='bbox 258 1102 309 1150; x_wconf 80' lang='lat' dir='ltr'><strong>Sed</strong></span> <span class='ocrx_word' id='word_1_86' title='bbox 320 1101 395 1148; x_wconf 77' lang='lat' dir='ltr'><strong>horno</strong></span> <span class='ocrx_word' id='word_1_87' title='bbox 405 1101 631 1150; x_wconf 68' lang='lat' dir='ltr'><strong>eruditissimum</strong></span> <span class='ocrx_word' id='word_1_88' title='bbox 647 1100 735 1149; x_wconf 69' lang='lat' dir='ltr'><strong>Aelius</strong></span> <span class='ocrx_word' id='word_1_89' title='bbox 750 1103 859 1162; x_wconf 72' lang='lat' dir='ltr'><strong>quinque</strong></span> <span class='ocrx_word' id='word_1_90' title='bbox 875 1110 901 1149; x_wconf 84' lang='lat' dir='ltr'><strong>et</strong></span> 
     </span>
    </p>

    <p class='ocr_par' dir='ltr' id='par_1_6' title="bbox 83 1167 914 2383">
     <span class='ocr_line' id='line_1_13' title="bbox 83 1167 901 1231; baseline 0 -14"><span class='ocrx_word' id='word_1_91' title='bbox 83 1198 87 1206; x_wconf 90' lang='lat'><em>-</em></span> <span class='ocrx_word' id='word_1_92' title='bbox 101 1172 193 1231; x_wconf 70' lang='lat' dir='ltr'><strong>ca‘gae&#39;nti</strong></span> <span class='ocrx_word' id='word_1_93' title='bbox 201 1171 256 1218; x_wconf 73' lang='lat' dir='ltr'><strong>cius</strong></span> <span class='ocrx_word' id='word_1_94' title='bbox 266 1183 321 1218; x_wconf 77' lang='lat' dir='ltr'><strong>ctae</strong></span> <span class='ocrx_word' id='word_1_95' title='bbox 331 1171 403 1218; x_wconf 79' lang='lat' dir='ltr'><strong>rotat</strong></span> <span class='ocrx_word' id='word_1_96' title='bbox 413 1171 583 1218; x_wconf 67' lang='lat' dir='ltr'><strong>eatsomavtt.</strong></span> <span class='ocrx_word' id='word_1_97' title='bbox 622 1167 710 1216; x_wconf 83' lang='lat' dir='ltr'><strong>Varro</strong></span> <span class='ocrx_word' id='word_1_98' title='bbox 716 1177 831 1228; x_wconf 79' lang='lat' dir='ltr'><strong>praeter</strong></span> <span class='ocrx_word' id='word_1_99' title='bbox 839 1171 901 1218; x_wconf 74' lang='lat' dir='ltr'><strong>dtas</strong></span> 
     </span>
     <span class='ocr_line' id='line_1_14' title="bbox 101 1237 902 1298; baseline -0.001 -13"><span class='ocrx_word' id='word_1_100' title='bbox 101 1253 179 1285; x_wconf 78' lang='lat' dir='ltr'><strong>unam</strong></span> <span class='ocrx_word' id='word_1_101' title='bbox 189 1239 326 1298; x_wconf 76' lang='lat' dir='ltr'><strong>etva‘ga‘nti‚</strong></span> <span class='ocrx_word' id='word_1_102' title='bbox 340 1251 408 1298; x_wconf 78' lang='lat' dir='ltr'><strong>quae</strong></span> <span class='ocrx_word' id='word_1_103' title='bbox 427 1237 611 1284; x_wconf 78' lang='lat' dir='ltr'><strong>Varroniaaae</strong></span> <span class='ocrx_word' id='word_1_104' title='bbox 624 1243 768 1296; x_wconf 82' lang='lat' dir='ltr'><strong>cocantur;</strong></span> <span class='ocrx_word' id='word_1_105' title='bbox 786 1251 852 1298; x_wconf 79' lang='lat' dir='ltr'><strong>quac</strong></span> <span class='ocrx_word' id='word_1_106' title='bbox 867 1240 902 1284; x_wconf 80' lang='lat' dir='ltr'><strong>ic-</strong></span> 
     </span>
     <span class='ocr_line' id='line_1_15' title="bbox 101 1302 901 1366; baseline -0.005 -10"><span class='ocrx_word' id='word_1_107' title='bbox 101 1309 171 1356; x_wconf 73' lang='lat' dir='ltr'><strong>circo</strong></span> <span class='ocrx_word' id='word_1_108' title='bbox 181 1320 200 1353; x_wconf 83' lang='grc' dir='ltr'><em>α</em></span> <span class='ocrx_word' id='word_1_109' title='bbox 210 1309 305 1354; x_wconf 73' lang='lat' dir='ltr'><strong>cetaria</strong></span> <span class='ocrx_word' id='word_1_110' title='bbox 314 1302 471 1366; x_wconf 65' lang='lat' dir='ltr'><strong>segregavit,</strong></span> <span class='ocrx_word' id='word_1_111' title='bbox 489 1307 609 1365; x_wconf 74' lang='lat' dir='ltr'><strong>quoniam</strong></span> <span class='ocrx_word' id='word_1_112' title='bbox 618 1305 741 1353; x_wconf 79' lang='lat' dir='ltr'><strong>dudt’oace</strong></span> <span class='ocrx_word' id='word_1_113' title='bbox 752 1319 804 1352; x_wconf 82' lang='lat' dir='ltr'><strong>noa</strong></span> <span class='ocrx_word' id='word_1_114' title='bbox 814 1313 901 1366; x_wconf 81' lang='lat' dir='ltr'><strong>erant,</strong></span> 
     </span>
     <span class='ocr_line' id='line_1_16' title="bbox 101 1373 902 1434; baseline -0.004 -12"><span class='ocrx_word' id='word_1_115' title='bbox 101 1376 148 1422; x_wconf 74' lang='lat' dir='ltr'><strong>red</strong></span> <span class='ocrx_word' id='word_1_116' title='bbox 156 1387 280 1422; x_wconf 77' lang='lat' dir='ltr'><strong>concentu</strong></span> <span class='ocrx_word' id='word_1_117' title='bbox 290 1375 399 1420; x_wconf 77' lang='lat' dir='ltr'><strong>omnium</strong></span> <span class='ocrx_word' id='word_1_118' title='bbox 408 1373 501 1420; x_wconf 71' lang='lat' dir='ltr'><strong>Plauti</strong></span> <span class='ocrx_word' id='word_1_119' title='bbox 508 1386 563 1420; x_wconf 76' lang='lat' dir='ltr'><strong>ecre</strong></span> <span class='ocrx_word' id='word_1_120' title='bbox 572 1374 746 1420; x_wconf 74' lang='lat' dir='ltr'><strong>concedantur</strong></span> <span class='ocrx_word' id='word_1_121' title='bbox 751 1387 763 1431; x_wconf 93' lang='lat'><strong>,·</strong></span> <span class='ocrx_word' id='word_1_122' title='bbox 776 1375 902 1434; x_wconf 80' lang='lat' dir='ltr'><strong>quaedam</strong></span> 
     </span>
     <span class='ocr_line' id='line_1_17' title="bbox 101 1441 901 1504; baseline -0.001 -16"><span class='ocrx_word' id='word_1_123' title='bbox 101 1445 162 1489; x_wconf 80' lang='lat' dir='ltr'><strong>item</strong></span> <span class='ocrx_word' id='word_1_124' title='bbox 172 1443 243 1490; x_wconf 80' lang='lat' dir='ltr'><strong>altar</strong></span> <span class='ocrx_word' id='word_1_125' title='bbox 251 1443 381 1502; x_wconf 65' lang='lat' dir='ltr'><strong>probavit</strong></span> <span class='ocrx_word' id='word_1_126' title='bbox 392 1442 517 1488; x_wconf 68' lang='lat' dir='ltr'><strong>adductus</strong></span> <span class='ocrx_word' id='word_1_127' title='bbox 531 1441 592 1488; x_wconf 70' lang='lat' dir='ltr'><strong>etilo</strong></span> <span class='ocrx_word' id='word_1_128' title='bbox 602 1447 682 1500; x_wconf 82' lang='lat' dir='ltr'><strong>atque</strong></span> <span class='ocrx_word' id='word_1_129' title='bbox 689 1442 798 1504; x_wconf 74' lang='lat' dir='ltr'><strong>facetia</strong></span> <span class='ocrx_word' id='word_1_130' title='bbox 807 1453 901 1488; x_wconf 78' lang='lat' dir='ltr'><strong>termo-</strong></span> 
     </span>
     <span class='ocr_line' id='line_1_18' title="bbox 102 1510 901 1570; baseline -0.001 -14"><span class='ocrx_word' id='word_1_131' title='bbox 102 1512 142 1558; x_wconf 82' lang='lat' dir='ltr'><strong>m&#39;r</strong></span> <span class='ocrx_word' id='word_1_132' title='bbox 153 1510 248 1557; x_wconf 72' lang='lat' dir='ltr'><strong>Plauto</strong></span> <span class='ocrx_word' id='word_1_133' title='bbox 264 1511 442 1570; x_wconf 69' lang='lat' dir='ltr'><strong>congruentis:</strong></span> <span class='ocrx_word' id='word_1_134' title='bbox 457 1522 552 1568; x_wconf 77' lang='lat' dir='ltr'><strong>cacque</strong></span> <span class='ocrx_word' id='word_1_135' title='bbox 566 1510 620 1554; x_wconf 78' lang='lat' dir='ltr'><strong>iam</strong></span> <span class='ocrx_word' id='word_1_136' title='bbox 633 1511 776 1557; x_wconf 70' lang='lat' dir='ltr'><strong>nominibus</strong></span> <span class='ocrx_word' id='word_1_137' title='bbox 789 1511 901 1558; x_wconf 78' lang='lat' dir='ltr'><strong>altorum</strong></span> 
     </span>
     <span class='ocr_line' id='line_1_19' title="bbox 103 1576 901 1637; baseline 0.001 -14"><span class='ocrx_word' id='word_1_138' title='bbox 103 1584 245 1637; x_wconf 77' lang='lat' dir='ltr'><strong>occupatae</strong></span> <span class='ocrx_word' id='word_1_139' title='bbox 255 1576 351 1624; x_wconf 81' lang='lat' dir='ltr'><strong>Plauto</strong></span> <span class='ocrx_word' id='word_1_140' title='bbox 361 1577 509 1623; x_wconf 71' lang='lat' dir='ltr'><strong>vindicavit.</strong></span> <span class='ocrx_word' id='word_1_141' title='bbox 537 1577 642 1624; x_wconf 77' lang='lat' dir='ltr'><strong>Serviat</strong></span> <span class='ocrx_word' id='word_1_142' title='bbox 652 1577 713 1624; x_wconf 85' lang='lat' dir='ltr'><strong>item</strong></span> <span class='ocrx_word' id='word_1_143' title='bbox 726 1578 758 1624; x_wconf 89' lang='lat' dir='ltr'><strong>ad</strong></span> <span class='ocrx_word' id='word_1_144' title='bbox 767 1579 901 1626; x_wconf 85' lang='lat' dir='ltr'><strong>AEneidem</strong></span> 
     </span>
     <span class='ocr_line' id='line_1_20' title="bbox 104 1645 902 1709; baseline 0.003 -19"><span class='ocrx_word' id='word_1_145' title='bbox 104 1649 122 1692; x_wconf 86' lang='grc' dir='ltr'><strong>Ι.</strong></span> <span class='ocrx_word' id='word_1_146' title='bbox 133 1660 171 1704; x_wconf 85' lang='lat' dir='ltr'><strong>pr.</strong></span> <span class='ocrx_word' id='word_1_147' title='bbox 181 1647 229 1693; x_wconf 88' lang='lat' dir='ltr'><strong>ait:</strong></span> <span class='ocrx_word' id='word_1_148' title='bbox 241 1645 362 1692; x_wconf 80' lang='lat' dir='ltr'><strong>Plautum</strong></span> <span class='ocrx_word' id='word_1_149' title='bbox 373 1645 423 1690; x_wconf 67' lang='lat' dir='ltr'><strong>alit</strong></span> <span class='ocrx_word' id='word_1_150' title='bbox 430 1645 518 1693; x_wconf 73' lang='lat' dir='ltr'><strong>dicunt</strong></span> <span class='ocrx_word' id='word_1_151' title='bbox 528 1653 582 1690; x_wconf 79' lang='lat' dir='ltr'><strong>xx.</strong></span> <span class='ocrx_word' id='word_1_152' title='bbox 593 1647 823 1709; x_wconf 78' lang='lat' dir='ltr'><strong>crunamfadulac</strong></span> <span class='ocrx_word' id='word_1_153' title='bbox 837 1649 902 1694; x_wconf 79' lang='lat' dir='ltr'><strong>acri-</strong></span> 
     </span>
     <span class='ocr_line' id='line_1_21' title="bbox 100 1711 901 1775; baseline 0 -14"><span class='ocrx_word' id='word_1_154' title='bbox 100 1716 199 1773; x_wconf 65' lang='lat' dir='ltr'><strong>aiau,</strong></span> <span class='ocrx_word' id='word_1_155' title='bbox 213 1715 264 1759; x_wconf 78' lang='lat' dir='ltr'><strong>ulii</strong></span> <span class='ocrx_word' id='word_1_156' title='bbox 274 1722 322 1759; x_wconf 76' lang='lat' dir='ltr'><strong>xc.</strong></span> <span class='ocrx_word' id='word_1_157' title='bbox 333 1713 383 1758; x_wconf 75' lang='lat' dir='ltr'><strong>alii</strong></span> <span class='ocrx_word' id='word_1_158' title='bbox 395 1727 417 1759; x_wconf 83' lang='lat' dir='ltr'><strong>c.</strong></span> <span class='ocrx_word' id='word_1_159' title='bbox 428 1711 512 1758; x_wconf 84' lang='lat' dir='ltr'><strong>Gellio</strong></span> <span class='ocrx_word' id='word_1_160' title='bbox 529 1715 663 1770; x_wconf 83' lang='lat' dir='ltr'><strong>praeterea</strong></span> <span class='ocrx_word' id='word_1_161' title='bbox 678 1714 838 1772; x_wconf 82' lang='lat' dir='ltr'><strong>exploratum</strong></span> <span class='ocrx_word' id='word_1_162' title='bbox 854 1719 901 1775; x_wconf 85' lang='lat' dir='ltr'><strong>eat,</strong></span> 
     </span>
     <span class='ocr_line' id='line_1_22' title="bbox 104 1780 901 1839; baseline 0.001 -11"><span class='ocrx_word' id='word_1_163' title='bbox 104 1785 217 1828; x_wconf 86' lang='lat' dir='ltr'><strong>veterum</strong></span> <span class='ocrx_word' id='word_1_164' title='bbox 230 1795 330 1839; x_wconf 87' lang='lat' dir='ltr'><strong>quoque</strong></span> <span class='ocrx_word' id='word_1_165' title='bbox 344 1782 475 1839; x_wconf 82' lang='lat' dir='ltr'><strong>poetarum</strong></span> <span class='ocrx_word' id='word_1_166' title='bbox 485 1780 583 1826; x_wconf 77' lang='lat' dir='ltr'><strong>tabulae</strong></span> <span class='ocrx_word' id='word_1_167' title='bbox 598 1781 713 1829; x_wconf 86' lang='lat' dir='ltr'><strong>aPiauto</strong></span> <span class='ocrx_word' id='word_1_168' title='bbox 727 1782 807 1829; x_wconf 84' lang='lat' dir='ltr'><strong>tuiaae</strong></span> <span class='ocrx_word' id='word_1_169' title='bbox 817 1786 901 1830; x_wconf 82' lang='lat' dir='ltr'><strong>retra-</strong></span> 
     </span>
     <span class='ocr_line' id='line_1_23' title="bbox 103 1847 901 1908; baseline 0.003 -12"><span class='ocrx_word' id='word_1_170' title='bbox 103 1852 182 1896; x_wconf 84' lang='lat' dir='ltr'><strong>ctataa</strong></span> <span class='ocrx_word' id='word_1_171' title='bbox 197 1852 273 1907; x_wconf 89' lang='lat' dir='ltr'><strong>atque</strong></span> <span class='ocrx_word' id='word_1_172' title='bbox 290 1849 431 1906; x_wconf 78' lang='lat' dir='ltr'><strong>expolitae:</strong></span> <span class='ocrx_word' id='word_1_173' title='bbox 448 1847 517 1894; x_wconf 87' lang='lat' dir='ltr'><strong>unde</strong></span> <span class='ocrx_word' id='word_1_174' title='bbox 530 1862 620 1896; x_wconf 86' lang='lat' dir='ltr'><strong>ruraua</strong></span> <span class='ocrx_word' id='word_1_175' title='bbox 639 1849 732 1908; x_wconf 77' lang='lat' dir='ltr'><strong>ingena</strong></span> <span class='ocrx_word' id='word_1_176' title='bbox 747 1850 860 1898; x_wconf 81' lang='lat' dir='ltr'><strong>dubietur</strong></span> <span class='ocrx_word' id='word_1_177' title='bbox 876 1853 901 1898; x_wconf 90' lang='lat' dir='ltr'><strong>in</strong></span> 
     </span>
     <span class='ocr_line' id='line_1_24' title="bbox 103 1915 901 1976; baseline 0.001 -12"><span class='ocrx_word' id='word_1_178' title='bbox 103 1917 277 1964; x_wconf 82' lang='lat' dir='ltr'><strong>diacernendia</strong></span> <span class='ocrx_word' id='word_1_179' title='bbox 292 1917 375 1964; x_wconf 82' lang='lat' dir='ltr'><strong>Plauti</strong></span> <span class='ocrx_word' id='word_1_180' title='bbox 389 1915 469 1974; x_wconf 81' lang='lat' dir='ltr'><strong>ipaiur</strong></span> <span class='ocrx_word' id='word_1_181' title='bbox 488 1917 590 1975; x_wconf 80' lang='lat' dir='ltr'><strong>auriptia</strong></span> <span class='ocrx_word' id='word_1_182' title='bbox 610 1921 703 1965; x_wconf 86' lang='lat' dir='ltr'><strong>exorta</strong></span> <span class='ocrx_word' id='word_1_183' title='bbox 715 1921 761 1966; x_wconf 84' lang='lat' dir='ltr'><strong>eat.</strong></span> <span class='ocrx_word' id='word_1_184' title='bbox 797 1922 849 1965; x_wconf 87' lang='lat' dir='ltr'><strong>tam</strong></span> <span class='ocrx_word' id='word_1_185' title='bbox 860 1922 901 1976; x_wconf 88' lang='lat' dir='ltr'><strong>qui</strong></span> 
     </span>
     <span class='ocr_line' id='line_1_25' title="bbox 102 1985 902 2044; baseline 0.001 -12"><span class='ocrx_word' id='word_1_186' title='bbox 102 1985 218 2032; x_wconf 82' lang='lat' dir='ltr'><strong>Plautum</strong></span> <span class='ocrx_word' id='word_1_187' title='bbox 236 1985 342 2043; x_wconf 80' lang='lat' dir='ltr'><strong>propina</strong></span> <span class='ocrx_word' id='word_1_188' title='bbox 360 1987 450 2032; x_wconf 84' lang='lat' dir='ltr'><strong>noatra</strong></span> <span class='ocrx_word' id='word_1_189' title='bbox 466 1986 583 2043; x_wconf 81' lang='lat' dir='ltr'><strong>tempora</strong></span> <span class='ocrx_word' id='word_1_190' title='bbox 601 1989 659 2044; x_wconf 81' lang='lat' dir='ltr'><strong>port</strong></span> <span class='ocrx_word' id='word_1_191' title='bbox 679 1988 783 2033; x_wconf 74' lang='lat' dir='ltr'><strong>renata·</strong></span> <span class='ocrx_word' id='word_1_192' title='bbox 804 1987 902 2034; x_wconf 75' lang='lat' dir='ltr'><strong>litterar</strong></span> 
     </span>
     <span class='ocr_line' id='line_1_26' title="bbox 103 2053 900 2114; baseline 0 -14"><span class='ocrx_word' id='word_1_193' title='bbox 103 2054 283 2113; x_wconf 81' lang='lat' dir='ltr'><strong>emendarunt,</strong></span> <span class='ocrx_word' id='word_1_194' title='bbox 302 2066 358 2099; x_wconf 87' lang='lat' dir='ltr'><strong>cum</strong></span> <span class='ocrx_word' id='word_1_195' title='bbox 373 2053 451 2099; x_wconf 86' lang='lat' dir='ltr'><strong>multa</strong></span> <span class='ocrx_word' id='word_1_196' title='bbox 464 2055 533 2100; x_wconf 89' lang='lat' dir='ltr'><strong>bona</strong></span> <span class='ocrx_word' id='word_1_197' title='bbox 546 2053 574 2099; x_wconf 92' lang='lat' dir='ltr'><strong>in</strong></span> <span class='ocrx_word' id='word_1_198' title='bbox 588 2067 644 2100; x_wconf 80' lang='lat' dir='ltr'><strong>eam</strong></span> <span class='ocrx_word' id='word_1_199' title='bbox 657 2067 712 2101; x_wconf 80' lang='lat' dir='ltr'><strong>rem</strong></span> <span class='ocrx_word' id='word_1_200' title='bbox 726 2055 900 2114; x_wconf 86' lang='lat' dir='ltr'><strong>contulerunt,</strong></span> 
     </span>
     <span class='ocr_line' id='line_1_27' title="bbox 102 2119 901 2178; baseline 0.003 -10"><span class='ocrx_word' id='word_1_201' title='bbox 102 2126 155 2168; x_wconf 90' lang='lat' dir='ltr'><strong>tum</strong></span> <span class='ocrx_word' id='word_1_202' title='bbox 173 2122 248 2168; x_wconf 86' lang='lat' dir='ltr'><strong>etiam</strong></span> <span class='ocrx_word' id='word_1_203' title='bbox 270 2119 378 2178; x_wconf 80' lang='lat' dir='ltr'><strong>plurima</strong></span> <span class='ocrx_word' id='word_1_204' title='bbox 399 2120 461 2166; x_wconf 84' lang='lat' dir='ltr'><strong>vitia</strong></span> <span class='ocrx_word' id='word_1_205' title='bbox 482 2121 601 2169; x_wconf 82' lang='lat' dir='ltr'><strong>nolenter</strong></span> <span class='ocrx_word' id='word_1_206' title='bbox 619 2122 783 2170; x_wconf 84' lang='lat' dir='ltr'><strong>invexerunt.</strong></span> <span class='ocrx_word' id='word_1_207' title='bbox 819 2123 901 2176; x_wconf 77' lang='lat' dir='ltr'><strong>Quum</strong></span> 
     </span>
     <span class='ocr_line' id='line_1_28' title="bbox 103 2187 914 2248; baseline 0.001 -11"><span class='ocrx_word' id='word_1_208' title='bbox 103 2191 170 2237; x_wconf 88' lang='lat' dir='ltr'><strong>enim</strong></span> <span class='ocrx_word' id='word_1_209' title='bbox 179 2188 305 2236; x_wconf 78' lang='lat' dir='ltr'><strong>mutandia</strong></span> <span class='ocrx_word' id='word_1_210' title='bbox 315 2187 409 2246; x_wconf 76' lang='lat' dir='ltr'><strong>partim</strong></span> <span class='ocrx_word' id='word_1_211' title='bbox 417 2188 580 2248; x_wconf 69' lang='lat' dir='ltr'><strong>lectionum,</strong></span> <span class='ocrx_word' id='word_1_212' title='bbox 591 2189 725 2236; x_wconf 72' lang='lat' dir='ltr'><strong>metiendis</strong></span> <span class='ocrx_word' id='word_1_213' title='bbox 735 2193 831 2238; x_wconf 87' lang='lat' dir='ltr'><strong>temere</strong></span> <span class='ocrx_word' id='word_1_214' title='bbox 843 2203 914 2238; x_wconf 69' lang='lat' dir='ltr'><strong>vcr-⁴</strong></span> 
     </span>
     <span class='ocr_line' id='line_1_29' title="bbox 102 2255 901 2316; baseline 0 -12"><span class='ocrx_word' id='word_1_215' title='bbox 102 2259 186 2316; x_wconf 74' lang='lat' dir='ltr'><strong>cibun,</strong></span> <span class='ocrx_word' id='word_1_216' title='bbox 205 2255 348 2302; x_wconf 86' lang='lat' dir='ltr'><strong>inaerendia</strong></span> <span class='ocrx_word' id='word_1_217' title='bbox 364 2256 438 2302; x_wconf 87' lang='lat' dir='ltr'><strong>etiam</strong></span> <span class='ocrx_word' id='word_1_218' title='bbox 454 2256 520 2302; x_wconf 75' lang='lat' dir='ltr'><strong>lotia</strong></span> <span class='ocrx_word' id='word_1_219' title='bbox 534 2257 626 2304; x_wconf 80' lang='lat' dir='ltr'><strong>alienia</strong></span> <span class='ocrx_word' id='word_1_220' title='bbox 640 2258 733 2304; x_wconf 79' lang='lat' dir='ltr'><strong>multat</strong></span> <span class='ocrx_word' id='word_1_221' title='bbox 749 2259 901 2306; x_wconf 80' lang='lat' dir='ltr'><strong>criticorum</strong></span> 
     </span>
     <span class='ocr_line' id='line_1_30' title="bbox 103 2323 899 2383; baseline 0.004 -12"><span class='ocrx_word' id='word_1_222' title='bbox 103 2326 175 2371; x_wconf 87' lang='lat' dir='ltr'><strong>labor</strong></span> <span class='ocrx_word' id='word_1_223' title='bbox 189 2325 318 2382; x_wconf 77' lang='lat' dir='ltr'><strong>impenrur</strong></span> <span class='ocrx_word' id='word_1_224' title='bbox 333 2323 379 2383; x_wconf 84' lang='lat' dir='ltr'><strong>ait,</strong></span> <span class='ocrx_word' id='word_1_225' title='bbox 396 2324 513 2371; x_wconf 86' lang='lat' dir='ltr'><strong>Plautum</strong></span> <span class='ocrx_word' id='word_1_226' title='bbox 523 2325 622 2382; x_wconf 86' lang='lat' dir='ltr'><strong>quidem</strong></span> <span class='ocrx_word' id='word_1_227' title='bbox 636 2339 652 2372; x_wconf 88' lang='lat' dir='ltr'><strong>a</strong></span> <span class='ocrx_word' id='word_1_228' title='bbox 661 2326 752 2373; x_wconf 86' lang='lat' dir='ltr'><strong>Plauto</strong></span> <span class='ocrx_word' id='word_1_229' title='bbox 764 2327 899 2374; x_wconf 80' lang='lat' dir='ltr'><strong>vehemen-</strong></span> 
     </span>
    </p>
   </div>
   <div class='ocr_carea' id='block_1_6' title="bbox 8 2392 522 2452">
    <p class='ocr_par' dir='ltr' id='par_1_7' title="bbox 8 2392 522 2452">
     <span class='ocr_line' id='line_1_31' title="bbox 8 2392 522 2452; baseline -0.002 -12"><span class='ocrx_word' id='word_1_230' title='bbox 8 2445 9 2452; x_wconf 10' lang='grc' dir='ltr'><strong>χ</strong></span> <span class='ocrx_word' id='word_1_231' title='bbox 103 2392 199 2442; x_wconf 84' lang='lat' dir='ltr'><strong>tiraime</strong></span> <span class='ocrx_word' id='word_1_232' title='bbox 210 2392 345 2438; x_wconf 88' lang='lat' dir='ltr'><strong>diaacutire</strong></span> <span class='ocrx_word' id='word_1_233' title='bbox 358 2405 464 2439; x_wconf 74' lang='lat' dir='ltr'><strong>neaerae</strong></span> <span class='ocrx_word' id='word_1_234' title='bbox 475 2395 522 2439; x_wconf 83' lang='lat' dir='ltr'><strong>ert.</strong></span> 
     </span>
    </p>
   </div>
   <div class='ocr_carea' id='block_1_7' title="bbox 105 2469 904 2662">
    <p class='ocr_par' dir='ltr' id='par_1_8' title="bbox 105 2469 904 2662">
     <span class='ocr_line' id='line_1_32' title="bbox 261 2469 738 2528; baseline 0.006 -15"><span class='ocrx_word' id='word_1_235' title='bbox 261 2469 383 2514; x_wconf 74' lang='lat' dir='ltr'><strong>Plautinae</strong></span> <span class='ocrx_word' id='word_1_236' title='bbox 393 2471 558 2528; x_wconf 79' lang='lat' dir='ltr'><strong>palimpacatua</strong></span> <span class='ocrx_word' id='word_1_237' title='bbox 567 2472 738 2516; x_wconf 75' lang='lat' dir='ltr'><strong>Ambrorianur.</strong></span> 
     </span>
     <span class='ocr_line' id='line_1_33' title="bbox 154 2532 902 2595; baseline 0.007 -18"><span class='ocrx_word' id='word_1_238' title='bbox 154 2535 196 2579; x_wconf 88' lang='lat' dir='ltr'><strong>lv.</strong></span> <span class='ocrx_word' id='word_1_239' title='bbox 210 2532 261 2578; x_wconf 88' lang='lat' dir='ltr'><strong>Sed</strong></span> <span class='ocrx_word' id='word_1_240' title='bbox 270 2533 378 2579; x_wconf 81' lang='lat' dir='ltr'><strong>afflictae</strong></span> <span class='ocrx_word' id='word_1_241' title='bbox 388 2547 417 2580; x_wconf 86' lang='lat' dir='ltr'><strong>ac</strong></span> <span class='ocrx_word' id='word_1_242' title='bbox 427 2533 540 2591; x_wconf 84' lang='lat' dir='ltr'><strong>perditae</strong></span> <span class='ocrx_word' id='word_1_243' title='bbox 550 2534 590 2580; x_wconf 83' lang='lat' dir='ltr'><strong>rei</strong></span> <span class='ocrx_word' id='word_1_244' title='bbox 599 2534 732 2581; x_wconf 85' lang='lat' dir='ltr'><strong>Plautinae</strong></span> <span class='ocrx_word' id='word_1_245' title='bbox 742 2535 902 2595; x_wconf 80' lang='lat' dir='ltr'><strong>medicinam,</strong></span> 
     </span>
     <span class='ocr_line' id='line_1_34' title="bbox 105 2601 904 2662; baseline 0.004 -14"><span class='ocrx_word' id='word_1_246' title='bbox 105 2602 126 2648; x_wconf 85' lang='lat' dir='ltr'><strong>ri</strong></span> <span class='ocrx_word' id='word_1_247' title='bbox 139 2601 223 2647; x_wconf 85' lang='lat' dir='ltr'><strong>minua</strong></span> <span class='ocrx_word' id='word_1_248' title='bbox 233 2613 346 2660; x_wconf 87' lang='lat' dir='ltr'><strong>omnem,</strong></span> <span class='ocrx_word' id='word_1_249' title='bbox 362 2601 388 2647; x_wconf 88' lang='lat' dir='ltr'><strong>at</strong></span> <span class='ocrx_word' id='word_1_250' title='bbox 403 2601 492 2648; x_wconf 78' lang='lat' dir='ltr'><strong>taliam</strong></span> <span class='ocrx_word' id='word_1_251' title='bbox 501 2602 656 2660; x_wconf 83' lang='lat' dir='ltr'><strong>aliquantam</strong></span> <span class='ocrx_word' id='word_1_252' title='bbox 666 2605 692 2650; x_wconf 83' lang='lat' dir='ltr'><strong>et</strong></span> <span class='ocrx_word' id='word_1_253' title='bbox 706 2603 826 2662; x_wconf 82' lang='lat' dir='ltr'><strong>optimam</strong></span> <span class='ocrx_word' id='word_1_254' title='bbox 836 2618 904 2651; x_wconf 84' lang='lat' dir='ltr'><strong>nune</strong></span> 
     </span>
    </p>
   </div>
   <div class='ocr_carea' id='block_1_8' title="bbox 143 2763 358 2815">
    <p class='ocr_par' dir='ltr' id='par_1_9' title="bbox 143 2763 358 2815">
     <span class='ocr_line' id='line_1_35' title="bbox 143 2763 358 2815; baseline 0.005 -12"><span class='ocrx_word' id='word_1_255' title='bbox 143 2770 161 2803; x_wconf 84' lang='lat'><strong>1.</strong></span> <span class='ocrx_word' id='word_1_256' title='bbox 173 2763 221 2802; x_wconf 79' lang='lat' dir='ltr'><strong>un.</strong></span> <span class='ocrx_word' id='word_1_257' title='bbox 231 2765 269 2802; x_wconf 89' lang='lat'>111.</span> <span class='ocrx_word' id='word_1_258' title='bbox 284 2765 331 2815; x_wconf 66' lang='lat' dir='ltr'><strong>cm.</strong></span> <span class='ocrx_word' id='word_1_259' title='bbox 340 2771 358 2804; x_wconf 80' lang='lat' dir='ltr'><strong>a</strong></span> 
     </span>
    </p>
   </div>
   <div class='ocr_carea' id='block_1_9' title="bbox 0 0 1040 3024">
    <p class='ocr_par' dir='ltr' id='par_1_10' title="bbox 0 0 1040 3024">
     <span class='ocr_line' id='line_1_36' title="bbox 0 0 1040 3024; baseline 0 0"><span class='ocrx_word' id='word_1_260' title='bbox 0 0 1040 3024; x_wconf 95' lang='lat' dir='ltr'><strong> </strong></span> 
     </span>
    </p>
   </div>
  </div>
 </body>
</html>
