<?xml version="1.0" encoding="UTF-8"?>
<!DOCTYPE html PUBLIC "-//W3C//DTD XHTML 1.0 Transitional//EN"
    "http://www.w3.org/TR/xhtml1/DTD/xhtml1-transitional.dtd">
<html xmlns="http://www.w3.org/1999/xhtml" xml:lang="en" lang="en">
 <head>
  <title>
</title>
<meta http-equiv="Content-Type" content="text/html;charset=utf-8" />
  <meta name='ocr-system' content='tesseract 3.04.00' />
  <meta name='ocr-capabilities' content='ocr_page ocr_carea ocr_par ocr_line ocrx_word'/>
</head>
<body>
  <div class='ocr_page' id='page_1' title='image "./macciiplautiqua03plaugoog_0482.png"; bbox 0 0 2012 3030; ppageno 0'>
   <div class='ocr_carea' id='block_1_1' title="bbox 217 246 796 296">
    <p class='ocr_par' dir='ltr' id='par_1_1' title="bbox 217 246 796 296">
     <span class='ocr_line' id='line_1_1' title="bbox 217 246 796 296; baseline 0.007 -6"><span class='ocrx_word' id='word_1_1' title='bbox 217 246 342 292; x_wconf 77' lang='lat' dir='ltr'><strong>ACTUS</strong></span> <span class='ocrx_word' id='word_1_2' title='bbox 364 247 407 290; x_wconf 87' lang='lat' dir='ltr'>lll.</span> <span class='ocrx_word' id='word_1_3' title='bbox 443 247 567 292; x_wconf 82' lang='lat' dir='ltr'><strong>SCENA</strong></span> <span class='ocrx_word' id='word_1_4' title='bbox 587 249 629 291; x_wconf 88' lang='lat' dir='ltr'>lll.</span> <span class='ocrx_word' id='word_1_5' title='bbox 749 247 796 296; x_wconf 74' lang='lat'>157</span> 
     </span>
    </p>
   </div>
   <div class='ocr_carea' id='block_1_2' title="bbox 51 367 900 2760">
    <p class='ocr_par' dir='ltr' id='par_1_2' title="bbox 52 367 759 436">
     <span class='ocr_line' id='line_1_2' title="bbox 52 367 759 436; baseline 0.001 -17"><span class='ocrx_word' id='word_1_6' title='bbox 52 368 145 422; x_wconf 63' lang='lat' dir='ltr'>datin}</span> <span class='ocrx_word' id='word_1_7' title='bbox 157 368 209 418; x_wconf 92' lang='lat' dir='ltr'>tibi</span> <span class='ocrx_word' id='word_1_8' title='bbox 220 367 325 432; x_wconf 86' lang='lat' dir='ltr'>dotem,</span> <span class='ocrx_word' id='word_1_9' title='bbox 342 369 367 419; x_wconf 84' lang='lat' dir='ltr'>ei</span> <span class='ocrx_word' id='word_1_10' title='bbox 379 368 459 435; x_wconf 75' lang='lat' dir='ltr'>quim</span> <span class='ocrx_word' id='word_1_11' title='bbox 472 369 560 432; x_wconf 84' lang='lat' dir='ltr'>dares,</span> <span class='ocrx_word' id='word_1_12' title='bbox 572 371 631 420; x_wconf 88' lang='lat' dir='ltr'>cius</span> <span class='ocrx_word' id='word_1_13' title='bbox 642 370 658 421; x_wconf 74' lang='lat' dir='ltr'>ti</span> <span class='ocrx_word' id='word_1_14' title='bbox 669 377 759 436; x_wconf 79' lang='lat' dir='ltr'>patre3</span> 
     </span>
    </p>

    <p class='ocr_par' dir='ltr' id='par_1_3' title="bbox 51 441 648 510">
     <span class='ocr_line' id='line_1_3' title="bbox 51 441 648 510; baseline 0.002 -16"><span class='ocrx_word' id='word_1_15' title='bbox 51 459 87 494; x_wconf 84' lang='lat' dir='ltr'>ex</span> <span class='ocrx_word' id='word_1_16' title='bbox 97 441 130 494; x_wconf 73' lang='lat' dir='ltr'>ed</span> <span class='ocrx_word' id='word_1_17' title='bbox 140 449 167 494; x_wconf 89' lang='lat' dir='ltr'>te</span> <span class='ocrx_word' id='word_1_18' title='bbox 179 443 318 510; x_wconf 77' lang='lat' dir='ltr'>largitdri,</span> <span class='ocrx_word' id='word_1_19' title='bbox 330 459 416 510; x_wconf 88' lang='lat' dir='ltr'>neque</span> <span class='ocrx_word' id='word_1_20' title='bbox 426 445 475 506; x_wconf 80' lang='lat' dir='ltr'>ita,</span> <span class='ocrx_word' id='word_1_21' title='bbox 487 451 518 494; x_wconf 93' lang='lat' dir='ltr'>ut</span> <span class='ocrx_word' id='word_1_22' title='bbox 529 445 564 495; x_wconf 84' lang='lat' dir='ltr'>sit</span> <span class='ocrx_word' id='word_1_23' title='bbox 575 445 648 510; x_wconf 83' lang='lat' dir='ltr'>data,</span> 
     </span>
    </p>

    <p class='ocr_par' dir='ltr' id='par_1_4' title="bbox 51 514 850 582">
     <span class='ocr_line' id='line_1_4' title="bbox 51 514 850 582; baseline 0.001 -13"><span class='ocrx_word' id='word_1_24' title='bbox 51 517 217 569; x_wconf 76' lang='lat' dir='ltr'>inediumem</span> <span class='ocrx_word' id='word_1_25' title='bbox 230 519 326 568; x_wconf 79' lang='lat' dir='ltr'>sistere</span> <span class='ocrx_word' id='word_1_26' title='bbox 337 518 386 582; x_wconf 87' lang='lat' dir='ltr'>illi,</span> <span class='ocrx_word' id='word_1_27' title='bbox 402 525 429 569; x_wconf 92' lang='lat' dir='ltr'>et</span> <span class='ocrx_word' id='word_1_28' title='bbox 440 519 551 569; x_wconf 82' lang='lat' dir='ltr'>detraxe</span> <span class='ocrx_word' id='word_1_29' title='bbox 563 514 712 570; x_wconf 78' lang='lat' dir='ltr'>atitunient.</span> <span class='ocrx_word' id='word_1_30' title='bbox 826 528 850 570; x_wconf 72' lang='lat' dir='ltr'>lb</span> 
     </span>
    </p>

    <p class='ocr_par' dir='ltr' id='par_1_5' title="bbox 51 591 685 660">
     <span class='ocr_line' id='line_1_5' title="bbox 51 591 685 660; baseline 0 -16"><span class='ocrx_word' id='word_1_31' title='bbox 51 594 77 644; x_wconf 87' lang='lat' dir='ltr'>N</span> <span class='ocrx_word' id='word_1_32' title='bbox 81 609 134 643; x_wconf 89' lang='lat' dir='ltr'>unc</span> <span class='ocrx_word' id='word_1_33' title='bbox 144 593 168 642; x_wconf 82' lang='lat' dir='ltr'>si</span> <span class='ocrx_word' id='word_1_34' title='bbox 182 591 303 660; x_wconf 83' lang='lat' dir='ltr'>dpperiri</span> <span class='ocrx_word' id='word_1_35' title='bbox 313 592 353 643; x_wconf 84' lang='lat' dir='ltr'>vis</span> <span class='ocrx_word' id='word_1_36' title='bbox 367 593 511 644; x_wconf 81' lang='lat' dir='ltr'>adventum</span> <span class='ocrx_word' id='word_1_37' title='bbox 524 592 685 657; x_wconf 71' lang='lat' dir='ltr'>chunonis,</span> 
     </span>
    </p>

    <p class='ocr_par' dir='ltr' id='par_1_6' title="bbox 51 665 797 736">
     <span class='ocr_line' id='line_1_6' title="bbox 51 665 797 736; baseline 0 -18"><span class='ocrx_word' id='word_1_38' title='bbox 51 667 214 736; x_wconf 77' lang='lat' dir='ltr'>perlongum</span> <span class='ocrx_word' id='word_1_39' title='bbox 230 673 283 730; x_wconf 83' lang='lat' dir='ltr'>est3</span> <span class='ocrx_word' id='word_1_40' title='bbox 303 665 367 718; x_wconf 90' lang='lat' dir='ltr'>huic</span> <span class='ocrx_word' id='word_1_41' title='bbox 382 667 500 718; x_wconf 72' lang='lat' dir='ltr'>ducendi</span> <span class='ocrx_word' id='word_1_42' title='bbox 514 669 619 720; x_wconf 82' lang='lat' dir='ltr'>interea</span> <span class='ocrx_word' id='word_1_43' title='bbox 634 670 797 719; x_wconf 78' lang='lat' dir='ltr'>abscesserit</span> 
     </span>
    </p>

    <p class='ocr_par' dir='ltr' id='par_1_7' title="bbox 52 741 756 810">
     <span class='ocr_line' id='line_1_7' title="bbox 52 741 756 810; baseline 0.003 -18"><span class='ocrx_word' id='word_1_44' title='bbox 52 741 163 804; x_wconf 82' lang='lat' dir='ltr'>lubid03</span> <span class='ocrx_word' id='word_1_45' title='bbox 185 749 266 810; x_wconf 83' lang='lat' dir='ltr'>atque</span> <span class='ocrx_word' id='word_1_46' title='bbox 277 758 310 794; x_wconf 87' lang='lat' dir='ltr'>ea</span> <span class='ocrx_word' id='word_1_47' title='bbox 321 743 442 793; x_wconf 89' lang='lat' dir='ltr'>conditio</span> <span class='ocrx_word' id='word_1_48' title='bbox 455 741 499 792; x_wconf 89' lang='lat' dir='ltr'>hio</span> <span class='ocrx_word' id='word_1_49' title='bbox 510 743 552 794; x_wconf 84' lang='lat' dir='ltr'>vel</span> <span class='ocrx_word' id='word_1_50' title='bbox 565 743 697 809; x_wconf 76' lang='lat' dir='ltr'>primdria</span> <span class='ocrx_word' id='word_1_51' title='bbox 707 751 756 794; x_wconf 83' lang='lat' dir='ltr'>est.</span> 
     </span>
    </p>

    <p class='ocr_par' dir='ltr' id='par_1_8' title="bbox 53 816 796 870">
     <span class='ocr_line' id='line_1_8' title="bbox 53 816 796 870; baseline 0 -2"><span class='ocrx_word' id='word_1_52' title='bbox 53 831 101 868; x_wconf 78' lang='lat' dir='ltr'>cn.</span> <span class='ocrx_word' id='word_1_53' title='bbox 122 817 222 868; x_wconf 77' lang='lat' dir='ltr'>liudem</span> <span class='ocrx_word' id='word_1_54' title='bbox 235 816 327 867; x_wconf 75' lang='lat' dir='ltr'>omnia</span> <span class='ocrx_word' id='word_1_55' title='bbox 336 818 424 868; x_wconf 84' lang='lat' dir='ltr'><strong>istaec</strong></span> <span class='ocrx_word' id='word_1_56' title='bbox 434 817 546 869; x_wconf 76' lang='lat' dir='ltr'>viuiuut</span> <span class='ocrx_word' id='word_1_57' title='bbox 555 820 584 868; x_wconf 90' lang='lat' dir='ltr'>iu</span> <span class='ocrx_word' id='word_1_58' title='bbox 595 818 708 870; x_wconf 73' lang='lat' dir='ltr'>meutdm</span> <span class='ocrx_word' id='word_1_59' title='bbox 721 817 796 868; x_wconf 83' lang='lat' dir='ltr'>mihi.</span> 
     </span>
    </p>

    <p class='ocr_par' dir='ltr' id='par_1_9' title="bbox 52 891 851 1033">
     <span class='ocr_line' id='line_1_9' title="bbox 52 891 797 960; baseline 0.001 -16"><span class='ocrx_word' id='word_1_60' title='bbox 52 907 106 944; x_wconf 78' lang='lat' dir='ltr'>mn.</span> <span class='ocrx_word' id='word_1_61' title='bbox 127 891 210 957; x_wconf 88' lang='lat' dir='ltr'>Vide,</span> <span class='ocrx_word' id='word_1_62' title='bbox 226 893 251 942; x_wconf 83' lang='lat' dir='ltr'>si</span> <span class='ocrx_word' id='word_1_63' title='bbox 265 891 317 943; x_wconf 87' lang='lat' dir='ltr'>luic</span> <span class='ocrx_word' id='word_1_64' title='bbox 331 893 428 943; x_wconf 80' lang='lat' dir='ltr'>utibile</span> <span class='ocrx_word' id='word_1_65' title='bbox 444 892 530 960; x_wconf 81' lang='lat' dir='ltr'>migis</span> <span class='ocrx_word' id='word_1_66' title='bbox 545 901 626 960; x_wconf 86' lang='lat' dir='ltr'>atque</span> <span class='ocrx_word' id='word_1_67' title='bbox 641 894 670 944; x_wconf 92' lang='lat' dir='ltr'>in</span> <span class='ocrx_word' id='word_1_68' title='bbox 686 909 740 944; x_wconf 88' lang='lat' dir='ltr'>rem</span> <span class='ocrx_word' id='word_1_69' title='bbox 753 892 797 945; x_wconf 75' lang='lat' dir='ltr'>de·</span> 
     </span>
     <span class='ocr_line' id='line_1_10' title="bbox 219 975 851 1033; baseline 0.003 -16"><span class='ocrx_word' id='word_1_70' title='bbox 219 975 309 1033; x_wconf 82' lang='lat' dir='ltr'>putas,</span> <span class='ocrx_word' id='word_1_71' title='bbox 826 977 851 1019; x_wconf 79' lang='lat'>20</span> 
     </span>
    </p>

    <p class='ocr_par' dir='ltr' id='par_1_10' title="bbox 55 1041 797 1108">
     <span class='ocr_line' id='line_1_11' title="bbox 55 1041 797 1108; baseline 0 -14"><span class='ocrx_word' id='word_1_72' title='bbox 55 1050 85 1094; x_wconf 91' lang='lat' dir='ltr'>ut</span> <span class='ocrx_word' id='word_1_73' title='bbox 97 1041 192 1094; x_wconf 72' lang='lat' dir='ltr'>ideam</span> <span class='ocrx_word' id='word_1_74' title='bbox 203 1041 397 1106; x_wconf 83' lang='lat' dir='ltr'>Lesbonicum,</span> <span class='ocrx_word' id='word_1_75' title='bbox 412 1043 555 1108; x_wconf 82' lang='lat' dir='ltr'>edoceam,</span> <span class='ocrx_word' id='word_1_76' title='bbox 571 1051 602 1094; x_wconf 92' lang='lat' dir='ltr'>ut</span> <span class='ocrx_word' id='word_1_77' title='bbox 613 1043 656 1094; x_wconf 74' lang='lat' dir='ltr'>ris</span> <span class='ocrx_word' id='word_1_78' title='bbox 667 1061 696 1094; x_wconf 85' lang='lat' dir='ltr'>se</span> <span class='ocrx_word' id='word_1_79' title='bbox 707 1043 797 1094; x_wconf 83' lang='lat' dir='ltr'>habet.</span> 
     </span>
    </p>

    <p class='ocr_par' dir='ltr' id='par_1_11' title="bbox 55 1117 779 1184">
     <span class='ocr_line' id='line_1_12' title="bbox 55 1117 779 1184; baseline -0.001 -15"><span class='ocrx_word' id='word_1_80' title='bbox 55 1133 103 1169; x_wconf 79' lang='lat' dir='ltr'>cA.</span> <span class='ocrx_word' id='word_1_81' title='bbox 124 1119 160 1168; x_wconf 91' lang='lat' dir='ltr'>Ut</span> <span class='ocrx_word' id='word_1_82' title='bbox 169 1117 220 1184; x_wconf 67' lang='lat' dir='ltr'>ligo</span> <span class='ocrx_word' id='word_1_83' title='bbox 232 1134 304 1168; x_wconf 87' lang='lat' dir='ltr'>nuuc</span> <span class='ocrx_word' id='word_1_84' title='bbox 314 1117 485 1170; x_wconf 69' lang='lat' dir='ltr'>adulescenti</span> <span class='ocrx_word' id='word_1_85' title='bbox 494 1117 651 1170; x_wconf 81' lang='lat' dir='ltr'>thesaurum</span> <span class='ocrx_word' id='word_1_86' title='bbox 663 1119 779 1170; x_wconf 87' lang='lat' dir='ltr'>indicem</span> 
     </span>
    </p>

    <p class='ocr_par' dir='ltr' id='par_1_12' title="bbox 54 1192 620 1260">
     <span class='ocr_line' id='line_1_13' title="bbox 54 1192 620 1260; baseline 0 -16"><span class='ocrx_word' id='word_1_87' title='bbox 54 1193 205 1257; x_wconf 72' lang='lat' dir='ltr'>indomito,</span> <span class='ocrx_word' id='word_1_88' title='bbox 221 1193 301 1260; x_wconf 83' lang='lat' dir='ltr'>pleno</span> <span class='ocrx_word' id='word_1_89' title='bbox 314 1192 416 1243; x_wconf 81' lang='lat' dir='ltr'>amdris</span> <span class='ocrx_word' id='word_1_90' title='bbox 427 1209 460 1244; x_wconf 83' lang='lat' dir='ltr'>ac</span> <span class='ocrx_word' id='word_1_91' title='bbox 473 1193 620 1244; x_wconf 82' lang='lat' dir='ltr'>lasciviae‘l</span> 
     </span>
    </p>

    <p class='ocr_par' dir='ltr' id='par_1_13' title="bbox 54 1267 768 1333">
     <span class='ocr_line' id='line_1_14' title="bbox 54 1267 768 1333; baseline 0 -15"><span class='ocrx_word' id='word_1_92' title='bbox 54 1267 191 1333; x_wconf 66' lang='lat' dir='ltr'>Minoum,</span> <span class='ocrx_word' id='word_1_93' title='bbox 206 1269 324 1320; x_wconf 86' lang='lat' dir='ltr'>minume</span> <span class='ocrx_word' id='word_1_94' title='bbox 336 1267 425 1320; x_wconf 84' lang='lat' dir='ltr'>hercle</span> <span class='ocrx_word' id='word_1_95' title='bbox 436 1267 514 1320; x_wconf 74' lang='lat' dir='ltr'>vero!</span> <span class='ocrx_word' id='word_1_96' title='bbox 535 1285 596 1319; x_wconf 81' lang='lat' dir='ltr'>uam</span> <span class='ocrx_word' id='word_1_97' title='bbox 610 1267 683 1320; x_wconf 77' lang='lat' dir='ltr'>certo</span> <span class='ocrx_word' id='word_1_98' title='bbox 695 1269 768 1320; x_wconf 84' lang='lat' dir='ltr'>scio:</span> 
     </span>
    </p>

    <p class='ocr_par' dir='ltr' id='par_1_14' title="bbox 55 1337 853 1410">
     <span class='ocr_line' id='line_1_15' title="bbox 55 1337 853 1410; baseline 0 -16"><span class='ocrx_word' id='word_1_99' title='bbox 55 1338 263 1410; x_wconf 77' lang='lat' dir='ltr'>lociimquoque</span> <span class='ocrx_word' id='word_1_100' title='bbox 272 1344 349 1394; x_wconf 89' lang='lat' dir='ltr'>illum</span> <span class='ocrx_word' id='word_1_101' title='bbox 361 1337 530 1407; x_wconf 83' lang='lat' dir='ltr'>omnem,1ibi</span> <span class='ocrx_word' id='word_1_102' title='bbox 540 1345 630 1408; x_wconf 72' lang='lat' dir='ltr'>nitunt,</span> <span class='ocrx_word' id='word_1_103' title='bbox 638 1341 799 1406; x_wconf 70' lang='lat' dir='ltr'>comiderit3</span> <span class='ocrx_word' id='word_1_104' title='bbox 828 1351 853 1394; x_wconf 81' lang='lat'>25</span> 
     </span>
    </p>

    <p class='ocr_par' dir='ltr' id='par_1_15' title="bbox 56 1413 752 1486">
     <span class='ocr_line' id='line_1_16' title="bbox 56 1413 752 1486; baseline 0 -18"><span class='ocrx_word' id='word_1_105' title='bbox 56 1435 137 1486; x_wconf 85' lang='lat' dir='ltr'>quem</span> <span class='ocrx_word' id='word_1_106' title='bbox 148 1417 243 1469; x_wconf 79' lang='lat' dir='ltr'>fodere</span> <span class='ocrx_word' id='word_1_107' title='bbox 253 1425 358 1482; x_wconf 89' lang='lat' dir='ltr'>metuo,</span> <span class='ocrx_word' id='word_1_108' title='bbox 374 1417 493 1468; x_wconf 79' lang='lat' dir='ltr'>sdnitum</span> <span class='ocrx_word' id='word_1_109' title='bbox 505 1435 538 1470; x_wconf 89' lang='lat' dir='ltr'>ne</span> <span class='ocrx_word' id='word_1_110' title='bbox 550 1419 598 1470; x_wconf 88' lang='lat' dir='ltr'>ille</span> <span class='ocrx_word' id='word_1_111' title='bbox 609 1413 752 1480; x_wconf 75' lang='lat' dir='ltr'>exalidiat3</span> 
     </span>
    </p>

    <p class='ocr_par' dir='ltr' id='par_1_16' title="bbox 57 1493 742 1560">
     <span class='ocr_line' id='line_1_17' title="bbox 57 1493 742 1560; baseline 0 -17"><span class='ocrx_word' id='word_1_112' title='bbox 57 1511 90 1544; x_wconf 92' lang='lat' dir='ltr'>ne</span> <span class='ocrx_word' id='word_1_113' title='bbox 100 1493 190 1558; x_wconf 70' lang='lat' dir='ltr'>ipsiim</span> <span class='ocrx_word' id='word_1_114' title='bbox 201 1509 257 1544; x_wconf 87' lang='lat' dir='ltr'>rem</span> <span class='ocrx_word' id='word_1_115' title='bbox 268 1493 393 1560; x_wconf 84' lang='lat' dir='ltr'>indaget,</span> <span class='ocrx_word' id='word_1_116' title='bbox 406 1493 495 1543; x_wconf 77' lang='lat' dir='ltr'>dotem</span> <span class='ocrx_word' id='word_1_117' title='bbox 507 1493 572 1545; x_wconf 82' lang='lat' dir='ltr'>darc</span> <span class='ocrx_word' id='word_1_118' title='bbox 584 1495 608 1544; x_wconf 81' lang='lat' dir='ltr'>si</span> <span class='ocrx_word' id='word_1_119' title='bbox 619 1493 742 1544; x_wconf 83' lang='lat' dir='ltr'>dixerim.</span> 
     </span>
    </p>

    <p class='ocr_par' dir='ltr' id='par_1_17' title="bbox 56 1567 800 1709">
     <span class='ocr_line' id='line_1_18' title="bbox 56 1567 800 1634; baseline 0.001 -15"><span class='ocrx_word' id='word_1_120' title='bbox 56 1583 110 1620; x_wconf 81' lang='lat' dir='ltr'>mo.</span> <span class='ocrx_word' id='word_1_121' title='bbox 133 1567 194 1628; x_wconf 81' lang='lat' dir='ltr'>Quo</span> <span class='ocrx_word' id='word_1_122' title='bbox 210 1568 291 1634; x_wconf 70' lang='lat' dir='ltr'>picto</span> <span class='ocrx_word' id='word_1_123' title='bbox 306 1583 371 1634; x_wconf 86' lang='lat' dir='ltr'>ergo</span> <span class='ocrx_word' id='word_1_124' title='bbox 387 1567 488 1634; x_wconf 78' lang='lat' dir='ltr'>igiturl</span> <span class='ocrx_word' id='word_1_125' title='bbox 527 1582 573 1620; x_wconf 79' lang='lat' dir='ltr'>cn.</span> <span class='ocrx_word' id='word_1_126' title='bbox 595 1569 670 1620; x_wconf 68' lang='lat' dir='ltr'>(illim</span> <span class='ocrx_word' id='word_1_127' title='bbox 690 1569 740 1620; x_wconf 85' lang='lat' dir='ltr'>dos</span> <span class='ocrx_word' id='word_1_128' title='bbox 756 1569 800 1620; x_wconf 90' lang='lat' dir='ltr'>de·</span> 
     </span>
     <span class='ocr_line' id='line_1_19' title="bbox 223 1641 431 1709; baseline -0.005 -16"><span class='ocrx_word' id='word_1_129' title='bbox 223 1641 314 1709; x_wconf 84' lang='lat' dir='ltr'>promi</span> <span class='ocrx_word' id='word_1_130' title='bbox 331 1649 431 1708; x_wconf 81' lang='lat' dir='ltr'>potest.</span> 
     </span>
    </p>

    <p class='ocr_par' dir='ltr' id='par_1_18' title="bbox 57 1715 636 1783">
     <span class='ocr_line' id='line_1_20' title="bbox 57 1715 636 1783; baseline 0 -15"><span class='ocrx_word' id='word_1_131' title='bbox 57 1719 130 1768; x_wconf 84' lang='lat' dir='ltr'>Dum</span> <span class='ocrx_word' id='word_1_132' title='bbox 143 1715 254 1768; x_wconf 71' lang='lat' dir='ltr'>occisio</span> <span class='ocrx_word' id='word_1_133' title='bbox 265 1717 292 1768; x_wconf 87' lang='lat' dir='ltr'>ei</span> <span class='ocrx_word' id='word_1_134' title='bbox 302 1718 342 1768; x_wconf 88' lang='lat' dir='ltr'>rei</span> <span class='ocrx_word' id='word_1_135' title='bbox 352 1715 514 1783; x_wconf 68' lang='lat' dir='ltr'>riperiatur,</span> <span class='ocrx_word' id='word_1_136' title='bbox 530 1716 636 1769; x_wconf 86' lang='lat' dir='ltr'>interim</span> 
     </span>
    </p>

    <p class='ocr_par' dir='ltr' id='par_1_19' title="bbox 58 1791 855 1934">
     <span class='ocr_line' id='line_1_21' title="bbox 58 1791 799 1860; baseline 0.001 -17"><span class='ocrx_word' id='word_1_137' title='bbox 58 1795 93 1844; x_wconf 81' lang='lat' dir='ltr'>ab</span> <span class='ocrx_word' id='word_1_138' title='bbox 116 1792 203 1844; x_wconf 86' lang='lat' dir='ltr'>nmico</span> <span class='ocrx_word' id='word_1_139' title='bbox 226 1793 319 1859; x_wconf 82' lang='lat' dir='ltr'>aliquo</span> <span class='ocrx_word' id='word_1_140' title='bbox 345 1791 472 1846; x_wconf 81' lang='lat' dir='ltr'>alicunde</span> <span class='ocrx_word' id='word_1_141' title='bbox 496 1792 635 1860; x_wconf 65' lang='lat' dir='ltr'>fingentum</span> <span class='ocrx_word' id='word_1_142' title='bbox 656 1794 684 1844; x_wconf 89' lang='lat' dir='ltr'>in</span> <span class='ocrx_word' id='word_1_143' title='bbox 709 1792 799 1844; x_wconf 67' lang='lat' dir='ltr'>dotdm</span> 
     </span>
     <span class='ocr_line' id='line_1_22' title="bbox 224 1877 855 1934; baseline 0 -16"><span class='ocrx_word' id='word_1_144' title='bbox 224 1883 329 1934; x_wconf 77' lang='lat' dir='ltr'>rogem.</span> <span class='ocrx_word' id='word_1_145' title='bbox 830 1877 855 1918; x_wconf 81' lang='lat'>30</span> 
     </span>
    </p>

    <p class='ocr_par' dir='ltr' id='par_1_20' title="bbox 57 1937 800 2070">
     <span class='ocr_line' id='line_1_23' title="bbox 57 1937 800 1996; baseline -0.003 0"><span class='ocrx_word' id='word_1_146' title='bbox 57 1958 110 1996; x_wconf 83' lang='lat' dir='ltr'>un.</span> <span class='ocrx_word' id='word_1_147' title='bbox 132 1942 221 1994; x_wconf 85' lang='lat' dir='ltr'>Potin&#39;</span> <span class='ocrx_word' id='word_1_148' title='bbox 235 1942 278 1994; x_wconf 73' lang='lat' dir='ltr'>ist</span> <span class='ocrx_word' id='word_1_149' title='bbox 297 1943 332 1993; x_wconf 86' lang='lat' dir='ltr'>ab</span> <span class='ocrx_word' id='word_1_150' title='bbox 347 1943 436 1995; x_wconf 80' lang='lat' dir='ltr'>amico</span> <span class='ocrx_word' id='word_1_151' title='bbox 452 1937 578 1995; x_wconf 81' lang='lat' dir='ltr'>alicdnde</span> <span class='ocrx_word' id='word_1_152' title='bbox 597 1943 707 1994; x_wconf 83' lang='lat' dir='ltr'>exorari</span> <span class='ocrx_word' id='word_1_153' title='bbox 712 1943 722 1992; x_wconf 79' lang='lat' dir='ltr'>l</span> <span class='ocrx_word' id='word_1_154' title='bbox 753 1957 800 1996; x_wconf 72' lang='lat' dir='ltr'>cn.</span> 
     </span>
     <span class='ocr_line' id='line_1_24' title="bbox 224 2017 329 2070; baseline 0 -2"><span class='ocrx_word' id='word_1_155' title='bbox 224 2017 329 2070; x_wconf 84' lang='lat' dir='ltr'>Potest.</span> 
     </span>
    </p>

    <p class='ocr_par' dir='ltr' id='par_1_21' title="bbox 58 2091 799 2220">
     <span class='ocr_line' id='line_1_25' title="bbox 58 2091 799 2146; baseline -0.001 0"><span class='ocrx_word' id='word_1_156' title='bbox 58 2107 109 2146; x_wconf 79' lang='lat' dir='ltr'>Mn.</span> <span class='ocrx_word' id='word_1_157' title='bbox 132 2091 247 2145; x_wconf 79' lang='lat' dir='ltr'>Gerrae!</span> <span class='ocrx_word' id='word_1_158' title='bbox 268 2109 319 2144; x_wconf 81' lang='lat' dir='ltr'>uae</span> <span class='ocrx_word' id='word_1_159' title='bbox 333 2100 364 2144; x_wconf 92' lang='lat' dir='ltr'>tu</span> <span class='ocrx_word' id='word_1_160' title='bbox 377 2093 447 2144; x_wconf 92' lang='lat' dir='ltr'>illud</span> <span class='ocrx_word' id='word_1_161' title='bbox 461 2091 569 2144; x_wconf 75' lang='lat' dir='ltr'>vdrbum</span> <span class='ocrx_word' id='word_1_162' title='bbox 591 2101 711 2144; x_wconf 76' lang='lat' dir='ltr'>actutum</span> <span class='ocrx_word' id='word_1_163' title='bbox 726 2091 799 2145; x_wconf 73' lang='lat' dir='ltr'>inve-</span> 
     </span>
     <span class='ocr_line' id='line_1_26' title="bbox 222 2167 309 2220; baseline 0 -2"><span class='ocrx_word' id='word_1_164' title='bbox 222 2167 309 2220; x_wconf 81' lang='lat' dir='ltr'>neris:</span> 
     </span>
    </p>

    <p class='ocr_par' dir='ltr' id='par_1_22' title="bbox 59 2237 800 2311">
     <span class='ocr_line' id='line_1_27' title="bbox 59 2237 800 2311; baseline -0.003 -17"><span class='ocrx_word' id='word_1_165' title='bbox 59 2242 150 2308; x_wconf 87' lang='lat' dir='ltr'>„Mihi</span> <span class='ocrx_word' id='word_1_166' title='bbox 159 2243 267 2311; x_wconf 89' lang='lat' dir='ltr'>quidem</span> <span class='ocrx_word' id='word_1_167' title='bbox 278 2241 368 2294; x_wconf 90' lang='lat' dir='ltr'>hercle</span> <span class='ocrx_word' id='word_1_168' title='bbox 377 2241 431 2293; x_wconf 79' lang='lat' dir='ltr'>ndu</span> <span class='ocrx_word' id='word_1_169' title='bbox 441 2251 490 2306; x_wconf 87' lang='lat' dir='ltr'>est,</span> <span class='ocrx_word' id='word_1_170' title='bbox 499 2245 571 2310; x_wconf 89' lang='lat' dir='ltr'>quod</span> <span class='ocrx_word' id='word_1_171' title='bbox 583 2244 641 2294; x_wconf 89' lang='lat' dir='ltr'>dem</span> <span class='ocrx_word' id='word_1_172' title='bbox 648 2237 800 2294; x_wconf 90' lang='lat' dir='ltr'>nuituom.“</span> 
     </span>
    </p>

    <p class='ocr_par' dir='ltr' id='par_1_23' title="bbox 59 2316 801 2386">
     <span class='ocr_line' id='line_1_28' title="bbox 59 2316 801 2386; baseline -0.003 -16"><span class='ocrx_word' id='word_1_173' title='bbox 59 2333 106 2370; x_wconf 77' lang='lat' dir='ltr'>cn.</span> <span class='ocrx_word' id='word_1_174' title='bbox 125 2319 222 2368; x_wconf 79' lang='lat' dir='ltr'>Malim</span> <span class='ocrx_word' id='word_1_175' title='bbox 232 2316 322 2370; x_wconf 73' lang='lat' dir='ltr'>hdrcle</span> <span class='ocrx_word' id='word_1_176' title='bbox 331 2345 370 2357; x_wconf 89' lang='lat'>—·</span> <span class='ocrx_word' id='word_1_177' title='bbox 379 2325 410 2368; x_wconf 91' lang='lat' dir='ltr'>ut</span> <span class='ocrx_word' id='word_1_178' title='bbox 420 2335 511 2370; x_wconf 83' lang='lat' dir='ltr'>verum</span> <span class='ocrx_word' id='word_1_179' title='bbox 525 2319 608 2382; x_wconf 82' lang='lat' dir='ltr'>dicas,</span> <span class='ocrx_word' id='word_1_180' title='bbox 621 2335 700 2386; x_wconf 85' lang='lat' dir='ltr'>quum</span> <span class='ocrx_word' id='word_1_181' title='bbox 712 2324 743 2368; x_wconf 94' lang='lat' dir='ltr'>ut</span> <span class='ocrx_word' id='word_1_182' title='bbox 754 2318 801 2368; x_wconf 87' lang='lat' dir='ltr'>des</span> 
     </span>
    </p>

    <p class='ocr_par' dir='ltr' id='par_1_24' title="bbox 100 2387 357 2445">
     <span class='ocr_line' id='line_1_29' title="bbox 100 2387 357 2445; baseline 0 -1"><span class='ocrx_word' id='word_1_183' title='bbox 100 2388 102 2394; x_wconf 73' lang='grc'><strong>’</strong></span> <span class='ocrx_word' id='word_1_184' title='bbox 224 2387 357 2445; x_wconf 79' lang='lat' dir='ltr'>miitnom.</span> 
     </span>
    </p>

    <p class='ocr_par' dir='ltr' id='par_1_25' title="bbox 60 2466 900 2600">
     <span class='ocr_line' id='line_1_30' title="bbox 60 2466 802 2534; baseline -0.005 -13"><span class='ocrx_word' id='word_1_185' title='bbox 60 2483 113 2521; x_wconf 80' lang='lat' dir='ltr'>Mn.</span> <span class='ocrx_word' id='word_1_186' title='bbox 128 2468 181 2520; x_wconf 84' lang='lat' dir='ltr'>Sed</span> <span class='ocrx_word' id='word_1_187' title='bbox 193 2467 253 2519; x_wconf 86' lang='lat' dir='ltr'>vide</span> <span class='ocrx_word' id='word_1_188' title='bbox 265 2469 419 2532; x_wconf 88' lang='lat' dir='ltr'>consilium,</span> <span class='ocrx_word' id='word_1_189' title='bbox 431 2467 455 2517; x_wconf 80' lang='lat' dir='ltr'>ei</span> <span class='ocrx_word' id='word_1_190' title='bbox 465 2469 563 2534; x_wconf 81' lang='lat' dir='ltr'>placet.</span> <span class='ocrx_word' id='word_1_191' title='bbox 593 2479 638 2518; x_wconf 80' lang='lat' dir='ltr'>cn.</span> <span class='ocrx_word' id='word_1_192' title='bbox 656 2466 728 2527; x_wconf 84' lang='lat' dir='ltr'>Quid</span> <span class='ocrx_word' id='word_1_193' title='bbox 739 2466 802 2518; x_wconf 85' lang='lat' dir='ltr'>odn-</span> 
     </span>
     <span class='ocr_line' id='line_1_31' title="bbox 226 2537 900 2600; baseline -0.003 -6"><span class='ocrx_word' id='word_1_194' title='bbox 226 2544 270 2594; x_wconf 80' lang='lat' dir='ltr'>sili</span> <span class='ocrx_word' id='word_1_195' title='bbox 283 2543 340 2596; x_wconf 77' lang='lat' dir='ltr'>esti</span> <span class='ocrx_word' id='word_1_196' title='bbox 618 2587 621 2600; x_wconf 79' lang='grc'><strong><em>,</em></strong></span> <span class='ocrx_word' id='word_1_197' title='bbox 832 2549 856 2592; x_wconf 76' lang='grc'>35</span> <span class='ocrx_word' id='word_1_198' title='bbox 898 2537 900 2546; x_wconf 84' lang='grc'><strong>’</strong></span> 
     </span>
    </p>

    <p class='ocr_par' dir='ltr' id='par_1_26' title="bbox 61 2613 802 2760">
     <span class='ocr_line' id='line_1_32' title="bbox 61 2613 802 2686; baseline -0.003 -16"><span class='ocrx_word' id='word_1_199' title='bbox 61 2631 113 2670; x_wconf 80' lang='lat' dir='ltr'>un.</span> <span class='ocrx_word' id='word_1_200' title='bbox 129 2617 242 2682; x_wconf 89' lang='lat' dir='ltr'>Scitum,</span> <span class='ocrx_word' id='word_1_201' title='bbox 253 2613 284 2670; x_wconf 73' lang='lat' dir='ltr'>tit</span> <span class='ocrx_word' id='word_1_202' title='bbox 294 2634 345 2686; x_wconf 85' lang='lat' dir='ltr'>ego</span> <span class='ocrx_word' id='word_1_203' title='bbox 358 2618 469 2684; x_wconf 87' lang='lat' dir='ltr'>opinor,</span> <span class='ocrx_word' id='word_1_204' title='bbox 482 2615 624 2666; x_wconf 85' lang='lat' dir='ltr'>cdnsilium</span> <span class='ocrx_word' id='word_1_205' title='bbox 636 2615 735 2668; x_wconf 85' lang='lat' dir='ltr'>inveni.</span> <span class='ocrx_word' id='word_1_206' title='bbox 756 2630 802 2668; x_wconf 82' lang='lat' dir='ltr'>cn.</span> 
     </span>
     <span class='ocr_line' id='line_1_33' title="bbox 228 2693 628 2760; baseline 0.005 -17"><span class='ocrx_word' id='word_1_207' title='bbox 228 2693 300 2754; x_wconf 76' lang='lat' dir='ltr'>Quid</span> <span class='ocrx_word' id='word_1_208' title='bbox 312 2693 368 2745; x_wconf 64' lang='lat' dir='ltr'>essii</span> <span class='ocrx_word' id='word_1_209' title='bbox 614 2725 628 2760; x_wconf 50' lang='lat'><em>3</em></span> 
     </span>
    </p>
   </div>
   <div class='ocr_carea' id='block_1_3' title="bbox 64 2761 801 2835">
    <p class='ocr_par' dir='ltr' id='par_1_27' title="bbox 64 2761 801 2835">
     <span class='ocr_line' id='line_1_34' title="bbox 64 2761 801 2835; baseline -0.004 -15"><span class='ocrx_word' id='word_1_210' title='bbox 64 2761 801 2835; x_wconf 63' lang='lat' dir='ltr'>unnlomoconducaturinquinamquantlmpotest,</span> 
     </span>
    </p>
   </div>
   <div class='ocr_carea' id='block_1_4' title="bbox 0 0 1022 3030">
    <p class='ocr_par' dir='ltr' id='par_1_28' title="bbox 0 0 1022 3030">
     <span class='ocr_line' id='line_1_35' title="bbox 0 0 1022 3030; baseline 0 0"><span class='ocrx_word' id='word_1_211' title='bbox 0 0 1022 3030; x_wconf 95' lang='lat' dir='ltr'> </span> 
     </span>
    </p>
   </div>
  </div>
 </body>
</html>
