2062 3024
141 223 190 274 262
470 219 498 262 Α.
522 215 609 262 arsit

141 347 222 395 codex
233 344 413 390 Ambrosianus
426 339 559 386 adhibebit.
594 339 706 394 Namque
721 337 743 382 is
756 335 839 394 primo
850 335 887 382 ita
896 348 946 382 an-

141 415 290 472 bonusest,
307 414 335 457 ut
349 411 380 457 ad
394 423 498 455 aureum
514 421 595 466 paene
610 405 737 454 saeculum
754 405 887 462 pertinere
904 403 946 449 vi-

142 483 238 539 deatur,
254 479 320 536 quod
330 481 435 537 apparet
445 491 478 523 ex
488 489 583 534 genere
593 477 619 520 et
628 473 770 532 granditate
784 472 945 528 scripturae:

143 551 187 596 rix
202 563 258 596 eum
274 550 343 594 certe
356 546 424 592 intra
438 544 625 591 Antoninorum
640 545 747 587 aetatem
761 539 944 597 depellendum

141 617 291 664 censuerim.
328 615 447 660 Continet
471 615 554 658 autem
574 609 718 656 comoedias
737 620 827 653 omues
849 607 944 661 editas,

142 685 256 743 exceptis
267 683 462 741 Amphitruone,
477 679 603 738 Asinaria,
615 675 756 734 Aulularia,
768 677 794 720 et
804 674 944 720 Curculio·

141 766 185 800 ne:
206 753 287 798 codex
298 751 364 798 enirn
380 752 405 796 et
418 761 494 806 saepe
506 751 531 793 et
545 745 695 804 pracsertim
708 745 737 790 ab
750 743 824 788 initio
836 741 943 788 mutilus

142 825 188 868 est.
207 823 270 866 Tam
280 819 422 877 speciosum
432 815 589 873 amplumque
595 813 677 860 Plauti
688 811 800 858 codicem
812 809 871 855 dum
882 823 941 868 ego,

141 903 190 946 qua
200 901 244 946 par
257 891 303 943 est,
313 885 445 943 diligentia
455 885 590 940 scrutarer,
602 895 684 928 novae
695 879 779 926 subito
790 877 941 924 comoediae

140 957 240 1004 titulum
252 955 409 1014 stupentibus
420 950 499 1011 oculis
509 950 589 997 hausi.

195 1072 199 1079 ·
252 1042 329 1085 Plauti
340 1038 461 1084 Virlularis
471 1039 494 1080 in
507 1036 655 1092 palimpsesto
667 1034 825 1078 Ambrosianu-

192 1122 300 1178 Earum,
312 1131 373 1175 quas
385 1119 468 1162 Varro
483 1115 550 1162 iuter
565 1113 679 1160 indubias
696 1111 841 1169 recensuit,
858 1111 939 1156 Plauti

144 1188 330 1236 comoediarum
346 1185 627 1232 extremavrnuasnrs
644 1180 818 1236 existimatur,
835 1191 940 1234 eamque

143 1258 222 1303 solam
239 1269 271 1302 en
287 1267 318 1301 eo
338 1265 443 1299 numero
457 1251 588 1296 Plautinae
608 1248 732 1294 editiones
752 1246 939 1293 desiderabant.

142 1327 175 1370 Et
194 1323 280 1370 titulus
296 1321 395 1379 quidem
414 1319 469 1366 eius
488 1318 514 1364 in
531 1316 652 1362 Palatinis
667 1327 766 1372 quoque
786 1313 939 1359 membranis

144 1393 203 1438 olim
217 1390 346 1450 apparuit,
364 1387 408 1434 sed
423 1387 478 1444 ipsa
492 1385 577 1431 fabula
593 1385 692 1441 aberat,
711 1381 818 1428 testibus
835 1381 939 1427 eruditis

143 1461 286 1506 bominibus
299 1456 364 1514 apud
373 1453 516 1502 Fabricium
532 1451 563 1510 ¹).
591 1451 667 1507 Atqui
680 1450 767 1496 eadem
777 1451 939 1494 Vinuaaats

144 1530 169 1574 in
180 1525 347 1574 Ambrosiano
357 1523 518 1582 palimpsesto
529 1520 590 1566 mibi
600 1533 627 1565 se
635 1517 796 1576 spectandam
808 1516 939 1562 offerebat.

144 1597 190 1642 Hic
209 1595 339 1640 enimvero
360 1605 434 1648 quum
454 1587 608 1635 exsultarem
627 1586 737 1642 laetitia,
758 1583 939 1641 triumpharem

144 1663 245 1722 gaudio,
254 1660 349 1706 nullum
360 1659 420 1705 mibi
431 1657 496 1703 diem
507 1655 678 1702 candidiorem
687 1653 803 1699 illuxisse
814 1651 940 1707 dicerem,

144 1734 249 1788 repente
260 1730 372 1774 lrontem
384 1724 514 1782 contraxi,
531 1724 637 1781 primum
647 1721 745 1777 quidem
757 1719 824 1776 quod
834 1719 940 1765 nonnisi

145 1801 194 1844 duo
211 1798 264 1843 eius
279 1795 378 1843 tabulae
392 1794 455 1840 lolia
473 1804 607 1850 superesse
617 1789 741 1847 cognovi3
765 1789 855 1833 iterum
872 1787 939 1843 quod

145 1869 207 1912 baec
217 1867 272 1922 ipsa
282 1877 357 1919 quum
372 1873 462 1908 versus
477 1873 558 1918 paene
572 1857 703 1914 octoginta
714 1856 890 1910 continerent,
906 1855 940 1900 ita

145 1949 206 1993 prae
217 1932 331 1978 omuibus
342 1932 415 1976 arant
424 1929 516 1986 lacera,
527 1929 553 1974 et
562 1939 577 1971 a
587 1919 730 1982 superiecta
739 1919 866 1981 scriptura
877 1935 939 1968 cou-

146 2003 243 2059 sumpta
253 2002 327 2056 atque
338 1999 472 2054 terebrata,
486 1996 515 2041 ut
525 1993 663 2040 Danaidum
674 1991 792 2046 cribrum,
804 2003 856 2036 uon
869 1991 926 2036 codi
937 2019 940 2025 -

146 2072 182 2117 cis
193 2069 294 2123 lolium,
312 2065 371 2110 mibi
382 2066 497 2122 spectare
509 2062 616 2108 viderer.
651 2061 738 2116 ltaque
749 2059 796 2104 etsi
806 2058 836 2104 ad
848 2071 940 2103 eonse-

147 2135 251 2184 ctandos
262 2135 415 2192 litterarum,
431 2130 473 2188 qui
484 2131 612 2188 extabant,
624 2130 752 2175 extremos
766 2127 851 2184 apices
864 2126 939 2170 rebe-

147 2207 245 2251 menter
254 2200 369 2259 incubui,
385 2211 504 2258 spemque
519 2211 598 2256 prope
610 2195 790 2243 conclamatam
807 2193 939 2252 patientis·

147 2274 209 2319 sime
226 2271 372 2328 persecutus
391 2281 459 2325 sum3
478 2266 584 2324 exiguas
600 2267 682 2311 tamen
697 2265 877 2307 vmvrsnmr
897 2273 941 2306 ao·

148 2339 229 2398 piolas
240 2338 300 2382 mihi
310 2335 469 2394 expugnavi,
485 2333 627 2380 versiculos
645 2329 762 2376 videlicet
777 2329 877 2386 aliquos
888 2341 941 2374 amn

148 2407 222 2451 trium
233 2416 399 2461 personarum
409 2402 552 2447 nominibus
570 2404 595 2446 et
611 2399 684 2444 initio
702 2411 801 2443 scenae.
835 2397 942 2441 Cetero-

148 2487 203 2517 rum
217 2471 282 2516 enim
298 2469 480 2514 disiunctorum
496 2465 632 2514 verborum
654 2466 696 2511 vix
716 2464 747 2510 ad
763 2464 871 2520 aliquem
888 2465 943 2508 iru-

148 2547 213 2584 ctum
224 2535 347 2582 redundat
362 2536 471 2593 adeptio.

175 2705 197 2751 Ι1.
216 2695 312 2732 Bibliotb.
331 2697 364 2734 lat
382 2697 431 2732 edit.
452 2709 498 2734 nov.
516 2698 541 2734 T.
557 2699 573 2735 1.
592 2709 612 2744 p.
631 2700 659 2735 13.
676 2695 727 2732 vida
744 2695 802 2730 ctiam
815 2693 902 2730 Paruum
918 2703 943 2728 aa

148 2742 318 2779 ''¹¹²¹lerRlAE
332 2743 454 2789 Fragmenta.
