2010 3032
222 150 351 195 ACTUS
371 151 402 194 ΙΙ.
439 151 563 196 SGENA
582 154 624 196 Vl.
766 149 798 202 31

53 265 159 340 longdm
170 265 366 339 diutimimque
377 287 394 322 a
404 287 483 322 mane
495 273 530 323 ad
540 271 697 341 vesperum,-
774 336 779 344 .

52 347 121 414 quod
131 345 209 399 meas
220 345 384 413 confregisti
394 346 522 397 imbrices
532 354 560 398 et
568 347 685 414 tegulas,

52 423 86 476 ibi
98 416 161 474 dim
173 421 342 487 condignam
353 419 381 472 te'
392 427 514 472 sectatus
525 422 645 484 simiam3
829 432 857 478 25

51 497 176 566 quodque
191 495 257 546 inde
267 494 461 562 inspectavisti
470 511 560 548 meum
572 498 644 565 apud
655 513 698 549 me
709 497 800 568 hdspi-

213 577 278 632 tem,

52 645 204 714 amplexum
215 645 335 696 amicam
347 659 430 710 quom
443 639 621 698 dsmdabatrir
631 662 721 706 suam:

52 721 175 790 quodque
187 717 374 771 cdncubinam
384 717 497 770 herilem
508 720 669 772 insimulare
679 716 763 773 misus
772 739 801 774 es

53 796 147 864 probri,
159 793 303 862 pudicam,
315 791 414 860 meque
425 795 524 845 summi
534 793 636 862 flagita

54 879 113 934 mni,
124 867 200 937 quod
209 869 371 920 tractavisti
382 866 520 936 hospitam
531 878 594 921 ante
606 870 682 921 aedis
693 885 782 934 nicam
830 879 856 924 3⁰

55 945 101 996 nisi
110 943 177 996 milli
187 943 360 1011 supplicium
371 942 527 996 stimuleum
538 945 572 995 de
581 943 609 995 te
621 945 715 996 datirr:

53 1019 191 1072 dedecoris
201 1016 358 1086 plenidrem
368 1015 463 1068 herum
473 1017 575 1070 iacidm
585 1026 672 1083 nullu,

51 1110 128 1161 quam
138 1093 242 1160 magno
254 1098 338 1144 vento
350 1089 461 1159 ple'num
472 1101 514 1144 est
523 1088 658 1144 undamim
669 1109 754 1145 mare.

50 1184 87 1221 sc.
106 1169 150 1220 lta
161 1163 221 1220 siim
235 1173 361 1230 coactus,
372 1165 617 1235 Periplectomene,
628 1175 659 1219 ut
668 1167 799 1234 nesciam,

49 1238 138 1296 utrdm
148 1259 192 1294 me
203 1239 350 1311 postulire
360 1248 451 1292 tecum
462 1242 579 1310 aequom
589 1247 622 1294 'st
631 1245 716 1310 prius,
831 1253 856 1296 35

51 1334 84 1370 an
92 1335 137 1371 me
148 1317 305 1385 expurgare
316 1314 372 1368 hoc
380 1317 432 1367 tibi
442 1317 551 1369 videtur
562 1316 686 1386 aequius,

49 1395 103 1444 nisi
112 1393 200 1444 istaec
209 1407 268 1442 non
279 1396 324 1442 est
333 1388 410 1455 hae'c,
422 1407 510 1458 neque
520 1393 576 1443 ista
586 1399 628 1444 est
637 1393 693 1446 mc'i
702 1392 770 1446 heri.

52 1461 127 1520 Sicrit
137 1469 222 1519 etiam
233 1481 309 1517 nunc
318 1464 423 1530 nescio,
435 1467 502 1534 quid
512 1467 640 1520 viderim:

50 1543 89 1594 ita
97 1542 186 1594 istaec
195 1541 280 1592 huius
290 1539 390 1592 similis
401 1549 442 1594 est
451 1541 563 1594 nostrae
574 1548 631 1604 trra,

53 1617 185 1684 siquidem
199 1631 257 1670 non
273 1615 371 1667 eadem
382 1622 432 1668 est.
469 1631 516 1672 es.
537 1615 603 1668 Vise
614 1616 702 1668 adme
712 1618 801 1668 intro:

213 1690 271 1742 irim
282 1691 364 1742 scies.
832 1696 858 1742 lo

54 1782 91 1819 sc.
105 1765 237 1820 Lice'tnei
266 1779 313 1817 ea.
331 1765 403 1826 Quin
413 1771 440 1817 te
449 1759 547 1828 iibe03
567 1764 677 1832 placide
686 1763 803 1816 noscito.

55 1856 91 1894 sc.
110 1841 257 1894 italicere
268 1845 373 1891 certum
384 1847 434 1892 est.
463 1855 508 1892 ra.
528 1833 616 1904 Heris,
627 1837 802 1893 Philocoma-

215 1909 299 1978 sirim,
312 1915 368 1965 cito

55 1987 206 2044 transci'rrre
219 1989 360 2042 curriculo
372 1987 407 2054 ad
417 2004 481 2041 nos:
502 1990 543 2041 ita
553 1989 693 2057 negotium
705 1997 759 2042 est:

56 2073 122 2134 post,
133 2066 246 2136 quindo
259 2065 359 2116 exierit
370 2063 514 2117 Sceledrus
526 2079 543 2114 a
552 2065 641 2127 nobis,
654 2067 710 2117 cito

56 2136 234 2194 manscdrrito
247 2139 286 2191 ad
295 2154 346 2192 vos
356 2133 464 2190 rdrsum
476 2138 613 2192 curriculo
625 2139 746 2192 domum.
832 2143 858 2190 ts

57 2214 187 2284 Nuncpdl
197 2229 251 2283 ego
265 2219 367 2278 metuo,
378 2211 412 2266 mi
424 2213 492 2284 quid
500 2212 693 2276 infusciverit3

57 2287 130 2343 sihic
139 2290 195 2342 non
205 2290 316 2342 videbit
326 2283 476 2352 mdlierem,
488 2283 612 2356 aperitio
623 2289 712 2339 dolus.

57 2377 92 2415 sc.
111 2364 186 2418 Proh
198 2365 229 2416 di
239 2363 421 2428 immortales,
433 2362 595 2414 similiorem
604 2357 747 2414 miilierem

56 2434 193 2510 magisq'ue
213 2438 347 2502 erindem,¹
365 2444 461 2506 utpote
482 2452 553 2506 quae
572 2436 627 2488 non
648 2437 685 2487 sit
700 2435 804 2500 eadem,

216 2513 277 2566 non
286 2527 351 2564 reor

58 2587 117 2642 deos
126 2589 221 2644 licere
233 2603 328 2656 posse.
356 2600 402 2640 rs.
423 2584 595 2650 Quidnuncl
619 2599 661 2637 sc.
683 2584 805 2635 Comme·

216 2661 387 2716 mimalum.
835 2657 861 2699 l*
