2062 3024
9 179 11 184 ’
82 228 85 234 ,
160 175 211 226 260
491 181 521 226 A.
538 181 631 226 ΜΑΙΙ.

159 302 278 348 isminam
289 302 464 361 argenteolsm
474 318 530 350 cnm
539 303 672 350 Frontone
689 299 713 366 ¹)
732 317 816 362 nuper
826 303 966 352 doctorum

159 369 273 415 virorum
286 370 367 416 oculis
387 371 476 417 obtati,
510 373 559 417 Bes
577 375 663 418 tsmen
680 371 740 416 mihi
760 371 839 430 iunge
859 373 965 419 felicius

157 437 244 482 evenit
260 437 287 482 in
305 440 413 494 utroque
434 452 556 486 romonae
574 439 721 485 comoedioe
741 453 840 485 summo
861 441 963 487 artifice

158 505 246 550 Piouto
257 509 283 550 et
297 503 436 565 Terentio,
451 521 558 564 quorum
571 507 676 553 ulterius
690 519 743 552 non
759 519 855 564 paucos
868 520 963 554 versos

157 572 302 630 deperditos
317 573 344 618 in
357 573 532 630 antiquissimo
551 575 714 632 palimpsesto
729 575 829 634 detexi,
849 575 962 622 alterius

156 643 239 686 autem
256 639 370 686 codicem
388 640 448 686 item
463 642 649 688 nobilissimum
664 642 758 688 offendi
773 656 828 688 cnm
849 643 961 700 picturis

155 708 247 765 partim
266 707 382 767 ineditis,
398 723 504 766 cumque
518 709 616 768 aliquot
630 709 742 756 scholiis.
777 709 837 755 Vite
846 709 961 768 denique

155 776 211 833 ipss
221 775 283 820 mihi
292 776 405 822 occurrit
415 777 532 824 Terentii
542 791 576 824 ex
589 777 764 836 antiquissimo
779 777 846 823 libro
858 778 959 825 descri-

155 845 207 904 pto,
217 856 281 900 quse
291 843 374 890 iucem
382 845 497 892 nondum
509 847 641 904 aspexisse
656 845 761 892 videtur.

475 924 556 968 Plauti
574 925 633 968 laus.

206 985 237 1030 ii.
256 985 329 1032 Nunc
345 987 372 1031 ut
385 985 416 1032 de
435 985 523 1044 priore
537 986 641 1032 Comico
660 985 772 1033 brevitet
785 985 883 1046 dicem,
904 987 958 1044 quis

156 1055 241 1111 potest
260 1067 293 1100 ex
312 1053 382 1100 omni
401 1053 537 1100 latinorum
554 1053 696 1100 litterarum
713 1054 838 1100 memoris
857 1067 957 1100 sumere

156 1120 251 1178 aliquid
272 1121 397 1168 illustrius
411 1135 485 1179 quom
499 1121 630 1168 Plautum?
648 1121 691 1178 qui
705 1121 810 1180 ingenio
825 1123 956 1168 uberrimo

157 1191 272 1246 effluens,
282 1189 416 1236 sententiis
426 1192 541 1249 argutos,
553 1190 637 1236 verbis
646 1191 750 1248 florens,
764 1202 891 1236 romonae
901 1203 956 1236 sce-

157 1270 205 1303 noe
215 1256 383 1315 principatum
394 1257 536 1304 diutissime
545 1257 635 1304 tenuit.
660 1259 742 1303 Tanto
751 1257 869 1314 equidem
879 1257 955 1303 Plou-

156 1325 205 1370 tini
220 1325 273 1370 oris
288 1325 400 1371 suavitas
416 1325 471 1370 viso
487 1327 538 1384 est,
555 1325 647 1371 nteius
658 1325 786 1382 eloquium
804 1339 861 1370 non
875 1325 955 1372 solum

157 1393 232 1450 piene
242 1393 346 1440 atticum
356 1392 492 1440 iudicatum
503 1393 597 1452 sit,sed
606 1393 694 1439 divino
703 1405 834 1438 musarum
843 1393 955 1439 sermoni

157 1463 330 1518 comporotum
343 1458 377 1520 ²).
404 1461 473 1507 idem
486 1461 620 1519 praetereo
629 1461 737 1507 imbutus
746 1462 841 1506 notura
850 1461 955 1518 quodum

156 1530 215 1586 opto
225 1529 257 1573 ad
267 1541 347 1587 genos
357 1528 472 1588 iocandi,
486 1529 574 1576 habuit
588 1541 693 1588 prorsus
704 1527 790 1574 omnio
799 1541 864 1584 quoe
875 1529 955 1586 perti-

158 1598 219 1641 nent
233 1595 265 1641 sd
275 1597 397 1644 comicum
406 1595 568 1648 hilaritatem.
603 1596 666 1642 Num
676 1599 702 1642 et
716 1595 857 1642 dicacitatis
873 1596 954 1642 oculei

82 1657 84 1661 ’
156 1663 296 1710 acutissimi
305 1664 331 1709 in
343 1678 374 1711 eo
385 1667 455 1724 sunt,
466 1667 492 1710 et
502 1664 651 1722 lepidissimi
661 1663 727 1710 soles
737 1665 764 1708 et
773 1663 873 1709 infinito
883 1665 955 1710 iesti-

159 1731 230 1776 vitos.
258 1733 326 1778 Sene
335 1732 482 1778 reconditos
492 1733 586 1790 iontcs,
597 1731 744 1788 abditosque
753 1730 824 1776 velut
833 1731 954 1789 regiones

156 1799 257 1844 ridicuii
268 1800 333 1858 opud
342 1800 458 1846 Plautum
472 1799 581 1846 mireris.
607 1800 646 1844 its
655 1813 689 1844 ex
698 1797 768 1844 omni
777 1811 874 1856 genere
885 1800 953 1844 foce-

155 1867 246 1912 tiorum
262 1869 330 1912 totus
341 1870 456 1928 constat,
472 1869 594 1924 tsntoque
610 1879 689 1924 opere
699 1865 800 1912 lascivit
813 1879 843 1910 oc
854 1867 954 1924 pertinit

157 1933 252 1980 inireni
266 1935 372 1992 quodem
386 1934 490 1980 ludendi
508 1933 620 1980 licentio.
654 1932 853 1989 Animaduerto,
874 1934 953 1991 inquit

156 2001 302 2048 Macrobius
318 1998 356 2062 ³),
372 2003 435 2048 dnos
445 2015 508 2062 quos
523 2001 742 2060 eloquentissimos
756 2001 868 2059 antiquo
877 2009 952 2047 cetos

156 2069 224 2128 tutte,
236 2071 357 2116 conneum
366 2069 487 2116 Plautum
496 2075 524 2114 et
533 2075 666 2114 oratorem
679 2068 798 2126 Tullium,
810 2081 853 2114 eos
864 2070 951 2114 amoos

156 2138 235 2182 ets'nns
245 2137 282 2182 nd
290 2138 404 2184 iocorum
411 2143 572 2184 venustatem
581 2137 674 2183 ceten's
681 2136 858 2195 praestitisse
876 2135 951 2182 Plau-

155 2211 196 2250 tus
206 2205 305 2263 quidem
315 2220 347 2251 en
358 2219 388 2250 re
397 2204 557 2265 clsrmfnn,
568 2211 598 2250 nt
602 2210 667 2262 post
674 2210 782 2249 mortem
792 2204 846 2249 eius
856 2218 951 2250 consoc-

155 2273 229 2331 dine,
246 2285 313 2332 qnae
325 2275 444 2321 incertae
454 2272 630 2338 serebantur,
645 2271 786 2318 Hannnoe
801 2277 890 2316 tomen
899 2284 951 2318 esse

154 2339 214 2382 ‹ie'
203 2353 316 2385 iocorum
337 2341 413 2398 copia
432 2346 609 2387 noscerentur.
645 2339 801 2395 Quemquam
815 2337 882 2384 idem
901 2351 951 2382 non

154 2417 254 2462 semper
266 2407 292 2451 in
303 2407 370 2466 ioco,
380 2420 456 2464 saepe
466 2407 559 2454 etiom'
552 2421 578 2452 m
589 2407 715 2466 gravitate
726 2407 850 2452 versetur.
868 2406 952 2458 Quare

339 2583 520 2622 ἰ..ιιιι·ΙΙιι1(Σι
510 2597 557 2624 re.m

332 2629 412 2666 iniiisn
414 2630 710 2670 unsnlt....ieroXlDii
713 2630 788 2668 ninnms
768 2629 954 2668 waraniones
