2062 3024
373 213 609 260 PRAEFATlO.
841 211 890 264 263

156 333 158 341 ’
207 343 265 392 Quid
279 345 302 386 in
314 343 355 386 hec
365 345 465 387 editione
480 343 579 386 curanda
593 344 726 398 prenestitnm
742 346 778 386 sit.

145 423 174 466 V.
185 420 313 478 Reliquam
320 420 401 486 lslauti
411 421 540 467 materiam
550 419 756 480 Sibyllinisioliis
767 419 793 464 in
805 420 891 468 codice

96 489 307 548 perturbatiorem
324 489 429 548 primum
440 489 540 546 quidem
556 489 582 534 in
594 492 687 535 rectam
703 488 794 534 seriem
810 489 892 548 coegi,

98 559 125 602 ut
135 558 253 614 quantum
270 557 388 604 carminis
402 559 559 615 superesset,
577 559 696 614 quantum
711 556 769 600 item
784 555 892 613 deesset,

97 637 287 683 cognoscerem.
316 626 377 670 Mox
390 624 499 670 ineditos
514 637 616 682 versus,
631 626 755 680 quotquot
770 622 831 668 mihi
847 637 893 670 oc-

98 694 241 751 currebant,
256 695 373 740 accurate
384 695 558 750 excerpebam.
585 691 642 738 Etsi
652 694 734 737 autem
745 692 893 748 praesertim

98 759 125 806 in
145 759 288 806 cistellaria
313 762 414 806 uberem
435 759 625 818 incognitorum
645 772 762 805 versuum
781 761 893 817 segetem

100 841 156 874 esse
171 829 251 887 sensi,
270 828 351 874 codex
367 831 449 873 tamen
466 827 664 885 profundissime
680 826 821 886 interlitus,
836 827 892 884 pin-

98 895 274 954 guissimisque
289 896 430 953 scripturae
445 895 549 941 ulterior
560 894 674 941 ductibus
690 895 808 950 obrutus,
825 895 892 940 carie

98 963 172 1008 etiam
185 977 290 1021 exesus,
306 964 434 1009 incensam
452 963 560 1021 legentis
571 963 730 1020 cupiditatem
746 962 893 1020 plerumque

98 1030 198 1076 delusit.
216 1031 304 1078 Plures
315 1031 388 1077 etiem
402 1031 526 1077 lectiones
537 1031 619 1076 varias
629 1031 756 1088 notabam,
768 1029 829 1075 licet
839 1043 893 1075 eam

98 1101 208 1156 spartam
218 1099 309 1145 fusiori
322 1098 394 1156 operi
407 1096 587 1144 reservandam
598 1096 749 1143 censuerim.
777 1096 835 1143 Alia
845 1111 893 1154 po-

99 1169 192 1212 stremo
208 1166 284 1212 sisulta
301 1166 543 1224 animadvertebam,
559 1179 622 1222 quae
637 1165 668 1210 od
683 1164 766 1210 Plauti
781 1163 893 1211 criticem

98 1247 253 1293 magnopere
268 1236 416 1280 conterunt:
436 1248 514 1291 eaque
529 1233 573 1292 (ne
585 1233 625 1280 lsic
641 1231 762 1278 omniain
777 1235 893 1278 anteces-

99 1315 152 1347 sum
163 1301 254 1362 dicam)
266 1302 366 1348 libellus
376 1305 464 1348 noster
474 1302 526 1348 suis
537 1301 601 1347 locis
612 1300 748 1347 exhibebit.
772 1300 836 1345 lllud
848 1313 893 1358 ge-

98 1370 206 1415 neratim
217 1383 319 1426 moneo,
334 1383 410 1430 saepe
423 1383 511 1416 versus
522 1369 547 1415 in
559 1368 646 1415 codice
656 1368 688 1414 ad
697 1367 769 1427 alias,
780 1381 853 1425 quam
867 1368 893 1413 in

99 1435 251 1484 editionibus
262 1440 388 1494 usuvenit,
397 1439 466 1496 leges
478 1437 595 1483 metricas
607 1435 783 1494 exigi,multos
794 1435 824 1482 de
835 1435 893 1482 loco

100 1505 263 1563 commoveri,
274 1518 326 1551 non
337 1519 431 1564 paucos
443 1505 517 1551 etiam
528 1503 703 1562 praetermitti.

224 1591 333 1634 Psemloli
348 1595 501 1644 argumentum
522 1591 638 1634 metricum
652 1591 768 1633 ineditum.

149 1653 265 1710 Denique
275 1666 349 1709 quum
365 1651 465 1710 plurimi
479 1651 540 1697 olim
550 1651 712 1698 Grammatici
721 1651 835 1698 Plautum
847 1651 893 1698 do-

101 1721 146 1767 ctis
161 1720 377 1768 lucubrationibus
392 1719 590 1775 illustraveriut,
610 1732 658 1776 ego
674 1719 795 1766 ineditum
809 1721 893 1778 Argu-

99 1792 209 1835 mentum
220 1787 339 1834 Pseudoli
355 1787 463 1834 leliciter
477 1787 576 1844 detexi,
593 1787 732 1833 minoribus
748 1788 834 1844 utique
848 1801 889 1834 ru·

101 1857 261 1913 dioribusque
271 1855 377 1913 litteris,
394 1855 438 1902 sed
449 1859 532 1901 temen
542 1854 646 1911 anticus
658 1867 746 1913 manu,
762 1855 788 1900 in
804 1854 892 1902 eodem

100 1924 261 1982 palimpsesto
273 1927 411 1970 exaratum.
438 1925 519 1980 Atque
529 1923 592 1969 haec
602 1924 681 1970 terme
693 1926 774 1983 erant,
788 1936 852 1980 quae
863 1923 893 1970 de

99 1993 173 2038 noris
182 1992 265 2039 Plauti
274 1991 433 2050 Fragmentis
448 1990 586 2049 praefanda
600 2004 656 2037 esse
669 1991 850 2038 existimabam.

410 2071 515 2116 Terentii
525 2069 582 2113 laus.

147 2135 190 2180 Vl.
210 2132 281 2178 niter
291 2133 385 2179 latinae
400 2131 546 2178 comoediae
562 2133 622 2190 llos,
642 2134 670 2178 ut
685 2145 773 2178 omnes
788 2135 892 2191 norunt,

99 2201 233 2248 Terentius
244 2203 290 2257 est,
301 2200 384 2247 astilo
395 2200 513 2246 Plautino
524 2213 585 2246 sane
595 2198 722 2246 diversus:
741 2213 797 2245 narn
810 2201 835 2246 et
848 2213 892 2246 co-

98 2270 232 2327 micorum,
248 2271 275 2314 ut
287 2268 352 2326 apud
362 2267 488 2326 Graecos,
506 2267 542 2313 sic
552 2267 617 2324 apud
632 2267 737 2313 Latinos
753 2269 812 2312 sunt
826 2269 893 2313 iacta

99 2337 215 2382 divortia.
242 2337 289 2382 llic
300 2335 398 2394 quidem
414 2335 559 2382 comoedias
574 2347 627 2380 non
643 2336 704 2380 satis
723 2335 835 2381 ridentes
850 2338 893 2380 aut

7 2457 9 2464 ,
99 2405 218 2452 scurriles
228 2405 337 2463 scripsit,
352 2403 396 2450 sed
407 2406 460 2449 arte
470 2416 566 2449 summa
576 2402 718 2448 elaboratas
729 2402 891 2460 prudentiae·
942 2445 945 2452 .

100 2487 147 2530 que
157 2472 324 2530 plenissimas.
359 2473 471 2528 Namque
485 2470 633 2516 humiliores
647 2470 754 2528 ineptias
771 2473 796 2517 et
812 2483 892 2528 paene

99 2540 191 2598 frigida
203 2543 247 2584 ant
264 2539 385 2585 arcessita
400 2539 466 2584 dicta
484 2537 546 2596 (quo
562 2538 624 2583 vitio
640 2551 693 2584 non
708 2552 808 2596 semper
824 2540 893 2584 caret

98 2602 212 2668 Plautus)
223 2607 288 2652 houd
299 2609 396 2654 lerebst
406 2605 550 2652 Terentius.
585 2607 671 2662 ltaque
682 2621 737 2652 eum
753 2605 892 2653 dicacitatis

98 2675 280 2722 moderatione
297 2674 477 2732 temperantis,
493 2675 519 2720 et
533 2674 743 2721 contumeliarum
757 2675 849 2721 raritas
866 2674 890 2720 in

99 2744 184 2804 primis
195 2743 377 2791 commendant.
403 2741 460 2796 Quo
470 2743 497 2789 st
508 2743 535 2788 ut
544 2739 659 2791 moribus
669 2743 744 2790 etiam
755 2741 891 2790 emendan-
