2062 3024
271 739 467 786 norw
505 740 715 788 nnnvrr

142 849 539 916 FRAGMENTA
582 849 845 916 INEDITA

388 987 602 1020 rnvsnronn

329 1087 516 1136 ANGELO
542 1087 656 1136 ΜΑῙΟ

208 1213 267 1246 oum
278 1213 461 1248 statrornscss
476 1213 651 1248 AMBROSIAMB
667 1213 729 1245 ΛΜ..
742 1213 780 1244 ou.

136 1411 214 1455 Plauti
226 1414 336 1464 carmina,
351 1413 405 1456 item
415 1415 444 1455 ad
459 1413 591 1456 Terentium
608 1415 711 1468 picturas
726 1417 749 1456 et
763 1410 850 1456 scholis

371 1471 458 1511 inedita
474 1470 615 1521 «teterrinum.

96 1566 119 1609 1.
131 1539 220 1615 Quum
234 1562 260 1608 in
276 1577 310 1616 ea
320 1565 382 1610 urhe
398 1561 546 1621 iampridem
565 1562 654 1620 degam
668 1577 732 1620 quae
747 1563 891 1610 laudatissi-

96 1631 280 1678 mnmcomieae
291 1631 352 1677 artis
362 1630 509 1688 magistrum
519 1630 613 1676 latinae
624 1644 714 1677 scenae
726 1631 787 1677 olim
798 1645 892 1690 suppe-

95 1699 184 1746 ditavit
203 1699 309 1746 Statium
329 1698 464 1745 Caecilium
488 1697 526 1758 ¹),
553 1698 625 1756 coepi
645 1699 671 1744 in
694 1699 741 1744 hac
759 1703 843 1746 mente
862 1713 892 1745 ao

94 1765 251 1826 cogitatione
262 1763 373 1825 versari,
389 1765 453 1812 nihil
463 1779 503 1812 me
514 1766 610 1824 gratius
626 1767 765 1825 facturum,
780 1781 853 1824 quam
870 1768 892 1813 si

94 1835 160 1892 quod
171 1835 302 1881 theatralis
313 1847 406 1892 operae
421 1833 521 1892 insigne
536 1835 562 1880 et
575 1835 647 1880 vetus
657 1837 848 1882 monumentum
859 1849 892 1882 ex

94 1904 155 1961 ipsis
176 1902 405 1950 Mediolanensium
426 1900 558 1948 ruderibus
579 1903 725 1949 excitarem.
760 1902 794 1949 Et
812 1903 892 1961 ipsius

94 1971 194 2028 quidem
209 1970 313 2017 caecilii
326 1969 499 2017 tenuissimam
513 1970 643 2028 quomdam
662 1971 824 2030 particulam,
844 1985 891 2018 ceu

128 2172 147 2205 1.
165 2165 250 2204 Statium
263 2166 372 2206 Caecilium
385 2181 410 2206 ex
420 2167 550 2218 quorumdam
559 2169 667 2208 traditione
680 2169 731 2208 dicit
744 2169 889 2208 Mediolanen-

11 2223 15 2236 ·
94 2227 134 2251 sem
144 2214 275 2252 Hieronimus
290 2215 310 2253 iu
321 2215 423 2270 (Jhronims
436 2217 462 2254 ad
471 2215 612 2302 Olymgiadem
622 2218 662 2255 CL.
682 2219 701 2254 [s
715 2225 780 2255 autem
790 2217 861 2254 Plauto
872 2227 891 2253 er

93 2262 189 2300 Terentio
198 2269 260 2300 aetate
270 2263 387 2301 interiectus
396 2261 443 2301 fuit.
468 2264 529 2302 Omni
545 2277 567 2302 us
577 2265 659 2302 comicis
674 2264 804 2313 anteponitur
817 2278 828 2302 a
839 2265 891 2301 Vot-

94 2309 145 2345 catio
155 2309 246 2358 &digito
261 2309 315 2358 apud
325 2310 414 2348 Gellium
422 2311 470 2348 XV.
479 2314 511 2348 24.
521 2311 553 2348 his
566 2312 684 2350 versieulis:

210 2357 287 2394 Multos
297 2357 384 2394 incertos
395 2363 469 2395 certare
478 2358 531 2396 hano
543 2369 585 2394 rem
594 2358 690 2403 vidimus,

210 2403 298 2440 Palmam
307 2409 377 2453 poetae
386 2404 462 2442 comico
472 2404 506 2442 oui
515 2404 612 2444 deterunt.

210 2449 263 2487 Eum
271 2463 314 2488 meo
324 2449 401 2488 indicio
411 2464 497 2489 errorem
510 2451 617 2490 dissolvam
627 2450 671 2497 tibi,

209 2498 237 2534 Vt
246 2504 314 2535 eontra
324 2497 387 2548 siquis
397 2499 476 2542 sentiat,
491 2498 543 2536 nihil
553 2499 631 2537 sentiat.

211 2544 299 2582 Caecilio
308 2545 393 2594 palmam
402 2545 464 2582 Statio
475 2546 500 2582 do
510 2545 593 2583 comico.

91 2591 165 2641 Neque
174 2590 239 2628 secius
254 2591 277 2628 de
292 2591 379 2630 Caecilio
393 2593 494 2630 existimat
504 2594 566 2630 Varro
580 2593 641 2642 (opud
654 2591 745 2630 Nonium
758 2591 779 2630 iar
788 2605 834 2631 voe.
846 2591 889 2630 1³0-

92 2639 168 2688 saere):
194 2639 219 2675 In
237 2639 358 2686 argumentis
372 2637 473 2677 Caruilius
486 2639 552 2688 poscis
563 2641 660 2688 palmam,
679 2639 699 2677 in
719 2640 796 2677 ettresin
810 2640 889 2676 Taren—

91 2685 145 2730 tius,
163 2685 185 2722 in
207 2685 331 2724 sermonibus
349 2687 439 2726 Plautus.
469 2687 615 2736 Argumentum
629 2695 702 2724 *autem
725 2701 770 2736 pars
794 2687 889 2724 dramatis

91 2733 198 2782 praecipua
212 2739 247 2770 ast.

631 2817 682 2864 Μ
