2062 3024
137 175 187 225 266
365 179 393 222 Α.
412 177 497 222 ΜΑΙΙ
518 177 753 222 PRAEFATIO.

136 315 183 358 que
194 301 363 358 procudimus.
399 301 461 346 Nam
473 301 514 358 qui
526 301 646 346 haetenus
661 299 832 357 antiquissimi
843 299 947 344 latinae

134 369 238 427 linguae
249 369 349 414 codices
360 367 535 428 innotuerunt,
548 369 652 414 Romani
664 368 814 426 praesertim
824 367 947 413 Floren-

134 438 180 482 tini
192 439 217 482 et
226 437 401 494 Neapolitani,
416 438 507 482 merito
518 437 617 493 quidem
628 437 789 482 sermonibus
800 435 945 483 celebran-

134 509 183 562 tur,
195 505 220 550 in
231 505 328 550 eaelum
338 505 505 551 admiratione
516 506 642 563 feruntur,
652 508 771 562 typorum
781 516 945 549 monumen-

133 573 165 618 tis
180 573 352 618 inclarescunt
366 586 395 618 ac
414 575 597 632 propagantur.
634 573 718 628 Siquis
733 575 818 618 tamen
839 585 944 627 aequus

134 639 210 686 iudex
224 640 367 685 Plautinum
387 641 514 698 specimen
535 653 590 686 cum
604 640 733 685 Vaticanis
751 639 791 684 vel
810 638 943 684 Mediceis

133 708 235 764 Virgilii
250 708 412 766 fragmentis,
427 708 554 754 autetiam
565 708 710 754 curnlatina
724 720 822 766 papyro
834 707 942 752 Hercu-

134 775 196 820 lanii
219 775 317 821 detecta
341 775 478 833 diligenter
501 777 629 834 conterat,
654 777 714 832 quin
737 774 940 822 Ambrosianum

134 843 245 889 codicem
256 843 389 888 nobilitate
404 855 489 900 parem
501 844 556 890 inre
571 858 600 890 ac
615 845 705 890 merito
721 843 876 901 arbitretur,
893 843 938 889 vix

135 909 282 956 dubitamus.
305 911 373 972 *Huc
387 911 478 970 igitur,
495 911 537 968 qui
551 909 667 958 Plautum
683 911 801 969 expolire
814 911 938 969 deinceps

135 978 237 1034 volent,
253 981 361 1024 mentem
372 979 518 1040 advertant,
532 979 591 1026 bino
606 979 808 1026 emendationem
819 979 882 1025 binc
893 993 937 1025 or-

135 1047 218 1092 dinem
233 1046 292 1092 hinc
312 1047 473 1104 splendorem
492 1048 650 1094 nobilissimo
668 1048 771 1094 Comico
791 1047 937 1106 comparari

135 1127 180 1171 par
196 1117 241 1160 est.
276 1115 365 1170 Neque
379 1129 467 1160 rursus
485 1115 610 1176 ingratum
627 1119 682 1162 tore
701 1129 847 1173 speramus,
869 1115 937 1172 quod

135 1182 263 1226 Vaticanis
280 1183 394 1228 Terentii
413 1183 518 1240 picturis
534 1184 743 1242 complementum
763 1183 936 1242 adiungimus,

136 1252 161 1295 et
179 1250 273 1295 Doriati
293 1254 426 1308 praeterea
444 1251 634 1310 Eugrapbiique
655 1253 680 1297 in
700 1251 815 1298 eumdem
830 1253 935 1298 Poetam

136 1331 208 1363 curas
220 1317 362 1364 Scholiasta
377 1319 454 1364 tertio
469 1323 556 1366 vetere
567 1320 730 1366 cumulamus.
765 1319 875 1372 Quodsi
889 1333 936 1366 no·

136 1389 189 1430 stro
200 1385 282 1432 labori
292 1386 450 1432 eruditorum
460 1388 589 1434 hominum
600 1388 682 1434 studia
691 1389 804 1447 faveant,
814 1403 881 1446 quos
892 1403 937 1436 co-

136 1453 203 1499 dices
215 1454 261 1500 hac
271 1455 357 1512 opella
366 1455 427 1500 satis
437 1455 530 1502 leuiter
539 1456 747 1515 praelibavimus,
764 1470 810 1502 eos
821 1457 936 1516 largiore

135 1523 244 1568 fortasse
256 1523 470 1570 commentatione
485 1523 603 1582 deinceps
615 1524 805 1582 explicabimus.
