2062 3024
141 164 191 214 270
394 161 665 210 ursulentium.

138 287 251 344 Eamque
261 300 354 333 exores
365 301 397 333 ne
407 289 453 334 tibi
463 290 618 334 succenseat.

137 355 292 412 Expurgabo
304 355 388 401 hercle
400 357 484 402 omnia
494 354 574 412 usque
588 357 620 401 ad
630 368 732 402 raucam
741 356 828 402 ravim
840 353 878 418 ¹).

136 489 288 536 Muliercula
297 505 352 536 mea
362 491 481 537 ornatnla
490 492 513 537 ci
524 493 556 536 sit
570 495 599 536 ut
608 492 707 548 quidem
717 491 805 538 hercle
816 493 902 550 ecita;

137 557 291 614 Quamquam
303 562 375 605 vetus
391 560 535 606 cantherius
545 572 600 604 tum
614 559 651 620 ²),
671 559 731 604 mibi
745 573 829 619 nunc,
845 563 876 605 ut
893 574 948 620 ego

170 639 271 684 opinor,

137 693 295 740 Adlrinniret.
330 694 455 750 Equolam
473 708 576 753 pomum
596 709 644 752 ego
664 695 731 760 bano
746 695 768 740 ei
788 695 864 741 detur
884 696 947 742 cola

170 761 219 806 soli
235 761 266 820 ³).
383 807 385 813 ,
863 773 868 780 ·

137 828 216 872 Nimis
227 831 370 886 opportune
380 830 441 876 mibi
452 830 538 876 evenit
547 829 644 891 rediere
655 829 887 877 Alcesimarchum:

136 897 199 940 Nam
209 897 265 942 cola
276 897 345 943 nulla
359 897 464 944 invitior
476 898 542 944 colet
552 911 617 944 esee.
627 933 734 944 .............

138 965 174 1008 Ne
186 963 242 1009 sola
251 965 286 1010 oie
297 999 352 1011 .......
365 979 418 1010 cum
433 999 488 1012 .......
499 967 527 1010 tu
537 978 598 1023 agas
608 965 703 1022 aliqnid

139 1031 218 1076 Nimis
228 1066 285 1078 .......
297 1033 422 1079 concinne
432 1035 459 1080 ut
468 1033 544 1080 haece
554 1047 606 1078 non
617 1033 834 1080 Alcesimarchus:

137 1099 170 1144 Vt
180 1097 230 1156 quo
240 1133 297 1146 .......
311 1101 441 1148 deriderer
451 1135 507 1147 .......
524 1101 592 1146 duria
603 1135 659 1148 .......

139 1187 163 1212 ...·
164 1201 227 1212 ........
239 1170 307 1214 errat
323 1168 386 1214 haec
396 1169 471 1214 aedes
484 1168 545 1214 olinr
555 1169 612 1225 qnia
622 1171 748 1214 amatores
760 1170 860 1226 polluit.

138 1235 195 1280 Non
206 1269 337 1282 ................
352 1249 452 1293 quoque
462 1236 548 1282 hercle
561 1236 687 1282 fabulatur

139 1303 189 1348 Seu
205 1317 260 1349 cum
275 1303 341 1350 dicta
355 1304 428 1349 huius
444 1303 600 1361 interpretor
613 1303 675 1350 haec
691 1303 827 1364 hercle’et,
849 1309 877 1351 ut
891 1319 938 1364 ego

172 1383 274 1430 opinor,

139 1439 222 1484 Meum
233 1452 297 1495 qnae
308 1439 446 1496 corrumpit
457 1437 534 1484 lilium
545 1472 600 1484 .......

139 1539 254 1552 ..............
266 1520 339 1562 quom
352 1505 436 1552 uidere
447 1506 520 1552 (lictis
659 1505 734 1552 credo

138 1573 200 1618 Nam
216 1607 272 1619 .......
289 1587 319 1620 ea
333 1573 427 1620 edisco
444 1573 563 1620 deductae
577 1573 651 1620 babet
668 1588 739 1620 meus
753 1576 852 1632 gnatum
873 1575 937 1623 haec

170 1641 298 1688 nbiaetat.

137 1709 192 1752 lloc
202 1709 282 1755 babeo
293 1712 342 1754 tam
354 1743 410 1756 .......
422 1707 523 1767 opinor,
535 1723 590 1754 nam
602 1709 745 1756 baccillum

138 1775 203 1827 Quid
218 1778 240 1822 ai
258 1777 346 1823 adeam
360 1781 435 1834 atque
450 1776 573 1835 appellem
592 1777 652 1823 mali
668 1778 818 1834 domnique?
836 1778 935 1829 inlece-

170 1846 227 1890 bras
239 1848 282 1890 aut

136 1947 492 1962 ...........................................
620 1913 758 1972 postulabis

136 2013 603 2030 ........................................................
621 1981 682 2026 Vale

135 2083 173 2094 .....
617 2048 681 2094 alter

135 2149 602 2166 ........................................................
616 2115 714 2172 quidvis

135 2183 200 2235 Quid
215 2198 263 2242 ego
273 2198 377 2244 unquam
392 2220 566 2234 .....................

133 2251 233 2298 Habent
243 2287 476 2302 ............................
491 2257 565 2311 atque
575 2255 663 2298 nostra

137 2357 425 2374 ...Ἦ

166 2433 184 2464 l.
198 2429 238 2464 Hic
254 2442 324 2467 verens
343 2431 438 2468 imotenus
452 2431 531 2469 extabat
548 2431 637 2468 decimae
655 2443 720 2468 noum
740 2431 792 2468 inter
809 2431 928 2479 Frngmenle

133 2472 262 2510 Clitellariuo.
288 2477 355 2522 Quare
366 2477 422 2514 video
432 2477 543 2514 editionum
552 2490 646 2516 errorem,
672 2477 754 2514 Scilicet
763 2477 877 2515 timililudo
889 2493 928 2516 vo-

133 2519 248 2555 tubulorum
257 2520 369 2559 Cistellaria
380 2523 516 2560 ecclitelnrie
525 2523 617 2560 librario·
627 2529 661 2560 uui
670 2523 760 2572 quemvis
769 2523 832 2560 aliurn
842 2525 927 2576 decepit.

164 2568 183 2599 2.
195 2565 296 2618 Demipho
307 2579 368 2604 sonex
377 2569 416 2605 hoo
425 2571 469 2606 loco
480 2569 523 2606 sinc
537 2569 598 2606 «lubio
608 2569 704 2619 loquitur.

164 2614 183 2646 3.
196 2610 236 2645 Hrc
245 2623 314 2646 veruna
324 2613 419 2650 imotenus
430 2615 508 2652 exnlnn
521 2615 603 2652 ultiman
615 2616 635 2652 in
648 2615 772 2662 Fragmentio
782 2616 841 2654 editio
852 2619 927 2656 Clitel-

130 2653 197 2704 lnrioc.
221 2655 370 2709 Recolo-antem
381 2667 400 2695 el
412 2672 433 2708 p.
443 2666 472 2699 1⁸.
487 2675 507 2698 n.
516 2665 535 2700 8.
548 2663 611 2699 Porro
626 2663 680 2698 lrnno
689 2663 756 2700 Plauti
770 2663 837 2700 locum
846 2665 928 2704 videtur

278 2707 331 2737 ntrue
341 2705 415 2753 llccyr.
424 2711 443 2745 3.
454 2713 471 2742 2.
483 2713 510 2745 15.
