2066 3036
178 179 193 228 d·
470 179 632 226 RUDENS.

122 313 149 356 25
177 301 245 353 nihil
256 300 283 352 ei
294 308 433 366 acceptum
448 314 489 353 est
500 307 515 353 a
527 305 644 370 periuris
655 296 781 371 simplici.

176 376 307 439 Facilius,
319 376 344 426 si
355 376 400 443 qui
414 377 476 444 pius
487 389 537 442 est
549 379 619 429 adis
630 373 797 445 sripplicans,

178 466 259 518 quam
271 449 319 518 qui
327 450 481 516 scelestust,
492 451 611 504 inveniet
620 451 727 504 venidm
737 451 801 502 sibi.

111 553 114 562 =
176 525 281 577 Idcirco
292 540 390 576 moneo
404 527 454 578 νόει
465 543 516 593 ego
528 526 602 592 haec,
616 528 664 594 qui
673 526 739 579 estis
749 525 825 588 boni,

177 601 278 668 quique
290 598 406 652 aetatem
422 602 504 668 agitis
515 596 575 653 cr'rm
587 603 689 670 pietate
700 611 728 652 et
738 595 799 652 cl'uu
810 600 874 650 iide:

123 685 149 728 ιο
177 675 291 728 retinete
301 691 397 743 porro,
409 676 472 742 prist
481 676 582 727 fectum
594 683 625 727 ut
635 675 783 728 laetemini.

178 751 265 814 Nune,
276 746 329 801 hire
339 766 396 818 qua
407 766 491 802 causa
500 750 571 813 veni,
583 757 769 818 argumentum
781 749 897 814 e'loquar

178 819 366 876 Primumdum
378 824 441 876 huie
450 842 511 900 esse
520 825 618 878 ndmen
627 827 690 876 urbi
701 823 830 891 Diphilus

178 887 409 968 Cyrenasvoluit.
448 901 509 952 illic
519 897 627 952 habitat
636 899 791 951 Daemones

150 1029 153 1036 ,
176 978 206 1027 in
217 990 284 1042 agro
297 969 381 1040 itque
390 975 457 1026 villu
467 975 602 1041 prdxuma
611 972 816 1043 promeruimus,

124 1059 149 1102 35
178 1065 268 1113 senex,
280 1049 328 1117 qui
339 1043 392 1099 heic
402 1048 514 1101 Athenis
524 1049 588 1101 exul
597 1051 679 1113 veuit,
691 1044 765 1100 hmid
777 1048 877 1108 malus3

179 1139 265 1192 neque
275 1126 300 1175 is
311 1123 380 1174 Adeo
392 1131 504 1190 propter
515 1125 648 1176 mdlitiam
658 1123 748 1190 patrii
759 1129 847 1184 caree

179 1200 235 1263 sed,
248 1199 310 1249 dum
321 1197 392 1249 ilios
403 1207 502 1261 servat,
514 1215 543 1250 se
554 1199 697 1265 impedivit
707 1199 828 1250 interim:

179 1290 235 1325 rem
246 1273 315 1324 be'ne
325 1280 450 1339 paratam
462 1273 591 1325 cdmitnte
602 1273 729 1341 pe'rdidit.

180 1348 263 1400 Huiic
273 1348 361 1397 filiola
372 1347 449 1414 virgo
460 1349 544 1415 periit
553 1347 681 1416 pdrvoia;

125 1429 151 1475 4⁰
180 1439 238 1473 eam
250 1422 283 1474 de'
294 1422 432 1490 praedone
442 1423 483 1473 vir
492 1431 629 1474 mereatur
640 1422 794 1490 pessumum

179 1499 204 1548 is
215 1514 274 1548 eam
285 1491 339 1548 hire
349 1497 471 1564 Cyrenas
481 1495 544 1549 leun
556 1497 666 1548 advexit
676 1498 816 1564 virginem.

180 1571 345 1624 Adulescens
356 1572 467 1638 quidam
478 1572 545 1623 civis
557 1570 636 1622 huius
646 1555 755 1622 Atticus

181 1663 240 1698 eum
251 1647 320 1698 vidit
329 1648 370 1697 ire
380 1663 395 1698 e
406 1641 471 1699 lddo
483 1646 595 1698 fidicinis
606 1647 730 1698 domum:

181 1721 273 1773 emire
284 1722 418 1789 «incoepit,
430 1721 465 1773 id
477 1722 601 1774 lenonem
613 1721 730 1784 de'venit,

125 1803 151 1848 45
180 1797 261 1848 minis
270 1797 386 1863 triginta
396 1796 449 1847 sibi
459 1797 577 1864 puellum
589 1795 717 1860 destinat,

182 1871 282 1938 datque
293 1869 482 1935 irrhabouem,
494 1878 521 1922 et
530 1865 708 1922 iureiurando
720 1867 833 1936 Adligat.

181 1947 206 1996 ls
217 1946 289 2010 le'no,
300 1952 331 1996 ut
341 1962 370 1996 se
381 1961 498 2012 aequom
509 1952 558 2008 est,
570 1944 650 1996 ildeei
659 1961 714 1996 non
724 1943 790 1996 iecit
800 1944 890 2005 fidem,

181 2036 276 2088 neque,
288 2019 362 2086 qudd
371 2021 478 2072 iuratus
489 2019 657 2072 Adulescenti
667 2019 780 2070 dixerat.

181 2097 215 2146 Ei
224 2093 284 2146 erat
294 2093 401 2161 hospes,
413 2109 464 2162 par
473 2095 556 2159 illius,
568 2089 686 2158 Sicuhis,
697 2109 778 2146 senex

127 2181 152 2223 50
181 2170 320 2233 scelestus,
332 2169 531 2237 Agrigentinus,
542 2170 619 2220 urbis
629 2169 768 2236 prdditor3

181 2248 205 2297 is
215 2245 291 2296 illius
302 2245 416 2296 laudare
426 2245 487 2296 infit
495 2245 612 2296 formam
622 2244 736 2312 virginis

182 2328 209 2370 et
220 2321 334 2370 iliarum
345 2320 449 2383 itidem,
462 2335 532 2386 quae
543 2317 601 2369 e'ius
612 2326 690 2370 erunt
700 2316 891 2378 ιιιιιΙίὀιοιιΙιιος

182 2393 244 2444 iniit
255 2395 346 2444 lenoni
356 2394 479 2457 uuidere,
490 2401 521 2445 ut
531 2386 621 2444 semim
633 2393 715 2444 simul

183 2475 228 2518 eat
238 2467 265 2517 in
277 2468 413 2519 Siciliam:
433 2469 473 2520 ibi
483 2465 542 2518 esse
554 2465 677 2521 homines
686 2467 858 2534 voluptdrios

129 2552 154 2592 55
184 2541 263 2591 dicit:
284 2549 392 2606 potesse
402 2543 441 2593 ibi
451 2559 511 2593 eum
522 2542 581 2592 fieri
592 2541 717 2595 divitem:

184 2616 224 2664 ibi
233 2614 292 2664 dese
303 2625 444 2682 quaestum
455 2617 611 2667 mdxumum
622 2616 818 2669 meretricibus.

185 2687 205 2702 “
253 2687 346 2740 wudu:
366 2690 606 2742 nuvisuiincuium
619 2687 794 2750 cendtieitun
