2062 3024
375 191 609 242 PRAEFATIO·
845 194 894 245 265

91 320 197 378 oropius
208 319 336 366 accedant.
373 318 464 366 Gustus
474 321 536 367 item
545 319 680 377 aliquoties
690 333 857 378 personarum
869 325 895 366 et

91 387 218 434 nonnulla
231 401 340 447 purerga
350 387 453 434 diversa
466 391 534 434 sunt.
562 387 626 434 illud
638 390 677 434 est
692 387 809 446 insigne,
826 389 894 446 quod

90 455 276 502 Ambrosianus
290 456 321 502 ud
335 456 619 502 Heautontimorumeni
632 458 721 502 Actum
737 459 777 501 nl.
792 470 893 502 scenam

91 526 134 569 111.
151 536 173 568 v.
189 525 286 569 xxxii.
304 523 429 570 Picturam
450 524 571 570 ineditam
591 525 695 570 exhibet
709 523 851 570 Chremetis
868 526 894 570 et

90 591 151 650 Syri
165 591 373 648 colloquentium.
408 591 448 638 Ea
465 605 545 650 porro
562 605 578 636 a
592 592 721 638 Vaticanis
740 593 893 638 membranis

90 659 187 706 ideirco
197 661 282 718 abest,
298 660 357 722 quia
367 659 442 706 unica
456 660 483 705 in
498 660 536 705 eis
551 673 628 706 scena
638 663 690 716 est,
705 663 779 716 quam
794 660 893 706 induas

90 727 253 774 Ambrosiani
263 728 358 774 codicis
372 727 482 786 scriptor
493 727 616 774 distinxit.
651 727 686 773 Et
701 730 786 774 tumen
800 728 894 774 ibidem

90 809 181 842 manus
189 795 311 852 quaedam
321 795 629 842 recentiorditiereatiam
638 795 678 840 his
685 796 771 842 verbis
780 797 893 843 notavit:

90 862 170 912 Mults
178 870 267 911 tostus
276 861 345 911 hunc
356 877 459 911 scenam
470 865 632 911 coniunctam
641 862 740 910 babent
753 865 893 924 superiori,

91 929 161 993 quod
173 928 264 979 melius
279 932 389 979 videtur.
424 933 561 978 Praeterea
576 933 635 977 ante
649 931 824 989 Adelphorum
838 934 893 990 epi-

91 1000 214 1059 graphem
227 1003 380 1058 personulae
391 1000 512 1058 quaedam
526 1002 659 1058 protomus
670 1003 809 1046 occurrunt
818 1000 894 1057 plane

92 1068 158 1115 aliae
168 1071 199 1115 ab
210 1068 292 1114 editis.
310 1069 427 1125 Denique
437 1068 587 1114 Phormioni
598 1067 730 1125 personati
739 1067 800 1114 item
810 1068 894 1114 vultus

92 1138 279 1195 praefiguntur,
299 1150 406 1194 quorum
422 1136 518 1182 similes
533 1138 629 1183 frustm
646 1136 674 1181 in
689 1135 763 1181 editis
778 1149 893 1192 quaeras.

93 1207 158 1251 Sunt
171 1206 255 1250 autem
270 1205 454 1251 Ambrosianus
468 1205 585 1251 Picturue
603 1203 680 1262 paulo
695 1203 825 1250 Vaticanis
840 1203 893 1250 ele-

92 1273 233 1332 gantiores,
244 1276 364 1330 quantum
374 1286 423 1330 ego
434 1273 533 1330 quidem
545 1286 578 1319 ex
595 1271 733 1318 collatione
744 1272 893 1330 praesertim

92 1341 282 1399 Agincurtanae
298 1341 428 1387 Editiouis
446 1341 509 1387 mihi
528 1339 720 1398 deprehendere
742 1340 811 1385 visus
831 1353 893 1386 suin.

93 1409 218 1468 (Namque
231 1408 258 1454 in
273 1409 449 1466 superioribus
463 1408 626 1455 Editionibus
640 1408 755 1466 picturae
772 1407 894 1454 cultiores

92 1490 156 1523 vero
167 1478 262 1523 effictae
273 1473 412 1537 putantur).
439 1477 521 1522 llabet
530 1475 639 1532 denique
648 1476 690 1523 hic
704 1476 893 1533 antiquissimus

93 1544 176 1592 codex
190 1544 316 1589 variarum
325 1543 464 1590 lectionum
474 1543 631 1601 praeclarum
640 1547 754 1602 segetem
764 1548 789 1591 et
803 1545 893 1602 copio-

93 1612 205 1658 sissimas
225 1611 337 1671 glossas,
357 1612 447 1669 quibas
467 1625 516 1670 ego
535 1607 694 1670 publicandis
709 1612 759 1659 hoc
778 1615 893 1671 tempore

94 1679 257 1739 supersedeo.

259 1749 353 1793 Scholia
371 1750 459 1793 inedita
479 1752 563 1794 codicis
577 1750 727 1794 Ambrosiani.

142 1818 225 1866 Habet
244 1821 269 1865 et
288 1818 386 1866 scholia
406 1820 531 1877 quaedamv
548 1819 658 1878 margini
677 1821 808 1880 adiuncta,
829 1834 892 1876 quae

93 1900 175 1944 neque
187 1888 313 1944 sequioris
324 1889 414 1934 aetatis
425 1889 577 1948 iudicamus,
593 1901 667 1945 quam
676 1889 758 1946 ipsum
770 1889 892 1947 codicem,

93 1969 175 2013 neque
190 1955 270 2001 multo
290 1957 443 2013 antiquiora.
479 1957 564 2003 Genus
584 1968 673 2002 eorum
692 1970 740 2003 nec
759 1956 892 2003 admodum

94 2023 197 2082 elegans
209 2037 257 2070 nec
267 2023 342 2082 plane
353 2027 499 2085 barbarum,
517 2038 632 2083 pressum
641 2025 725 2070 tamen
736 2027 762 2071 et
770 2025 890 2070 nitidum:

94 2092 206 2149 quamvis
225 2093 321 2138 Auctor
339 2104 355 2137 a
369 2094 456 2139 rectae
476 2091 626 2140 eruditionis
645 2093 746 2138 tramite
765 2093 892 2139 interdum

93 2159 202 2207 recedat.
217 2159 331 2206 Eacerte
342 2174 399 2206 cum
409 2161 484 2207 editis
494 2160 680 2206 ad'l'erentium
690 2159 803 2220 scholiis,
810 2175 891 2218 quun-

92 2231 143 2274 tum
154 2227 219 2286 vidi,
234 2227 300 2274 nihil
312 2231 469 2286 congruunt:
487 2241 565 2286 quare
575 2231 601 2274 et
610 2241 699 2274 eorum
708 2231 829 2288 excerpta
840 2229 891 2276 sal-

93 2300 143 2344 tem
151 2295 283 2354 potissima
292 2295 387 2354 publici
396 2296 460 2343 iuris
470 2297 584 2344 facimus.

134 2392 212 2436 Plauti
224 2397 248 2436 st
262 2392 369 2437 Terentii
387 2395 477 2438 codices
487 2393 631 2436 Ambrosiani
646 2395 849 2450 praestantissimis

422 2451 564 2495 accensendi.

143 2529 187 2574 lX.
205 2528 338 2588 Reliquum
351 2532 403 2590 est,
422 2533 450 2576 ut
463 2531 507 2588 qui
522 2529 658 2588 aliquando
673 2530 701 2576 iu
715 2529 827 2577 libellum
843 2544 891 2576 no-

95 2599 173 2644 strum
183 2597 328 2653 inciderint,
337 2598 356 2644 ii
366 2598 557 2658 copiosissimae
567 2598 735 2645 bibliothecae
744 2600 892 2646 Ambrosia-

95 2679 142 2713 nae
158 2666 265 2724 gratiam
278 2667 400 2728 habeant,
416 2681 449 2715 ex
459 2681 507 2725 qua
522 2667 629 2714 duorum
639 2666 752 2713 codicum
763 2671 812 2714 tum
827 2668 891 2714 insi-

4 2737 8 2752 '
95 2735 181 2794 guium
191 2735 329 2792 specimina
338 2749 391 2783 non
402 2737 457 2783 sine
467 2735 592 2784 litterario
603 2737 688 2783 fructu
698 2735 892 2783 decoramento-
